1747 3063
244 74 514 127 LJVRE
546 74 643 125 JV.
675 73 1137 124 CHAPJTRE
1168 75 1332 125 XIV.
1432 89 1533 142 495
1620 129 1622 131 ,

110 183 146 210 ao
172 158 394 218 illorum
412 161 589 237 majus
615 158 881 218 indicium
902 180 1019 228 esse
1039 202 1055 227 ,
1084 178 1252 238 quam
1273 158 1430 238 quod
1446 182 1534 217 ur-

110 266 148 291 »
172 239 271 299 bes
291 284 307 309 ,
331 239 487 321 quod
509 261 676 322 agros
692 238 817 299 suos
839 260 1061 299 urerent
1086 261 1098 299 :
1123 239 1400 319 quidquid
1421 262 1533 297 non

111 348 148 371 σο
175 323 554 400 corrupissent
577 364 595 391 ,
627 320 866 382 hostium
899 343 1014 380 esse
1046 319 1305 380 confessi.
1330 322 1532 378 Nomi-

109 424 146 454 a·-
173 424 242 463 na
276 402 457 462 modo
485 424 626 464 vana
651 407 901 482 gentium
939 404 1258 483 ignotarum
1287 425 1354 461 ne
1380 409 1534 463 exti-

112 510 147 534 ω
171 502 501 544 mescerent.
537 484 740 564 Neque
780 485 924 542 enim
951 484 1022 544 ad
1059 482 1193 543 belli
1234 483 1533 545 discrimen

112 592 147 616 w
176 568 453 644 pertinere
473 609 489 635 ,
524 566 621 645 qui
651 565 719 623 ab
747 565 827 624 his
859 565 1120 646 Scythae,
1149 567 1316 645 quive
1340 565 1538 625 Cadu-

109 672 147 700 ω
178 648 242 706 sii
266 646 637 726 appellentur.
675 647 774 724 Ob
807 645 867 707 id
908 648 1089 726 ips-um
1111 691 1127 716 ‚
1164 646 1322 726 quod
1355 649 1538 726 ignoti

112 753 147 778 ω
175 748 356 786 essent
383 770 398 794 ,
448 726 724 807 ignobiles
762 749 900 787 esse.
944 729 1255 808 Nunquam
1289 730 1540 808 ignorari

114 835 148 859 ³0
174 815 324 870 viros
364 806 538 866 fortes
574 829 586 865 ε
627 828 683 868 at
725 808 1013 878 imbelleS‚
1053 831 1122 867 ex
1159 809 1385 869 latebris
1426 810 1540 870 suis

113 916 152 941 ω
180 909 369 950 erutos
389 933 404 958 ,
443 888 578 948 nihil
602 910 806 969 praerer
837 892 1060 950 nomina
1085 890 1299 950 afferre.
1335 891 1540 951 Mace-

114 999 149 1023 20
180 970 356 1031 dones
381 972 588 1031 virtute
623 992 905 1030 assecutos
926 1014 942 1040 ,
984 993 1052 1030 ne
1085 973 1208 1052 quis
1234 992 1360 1031 toto
1399 973 1544 1039 orbe

31 1060 33 1065 '
113 1078 148 1103 ω
174 1053 332 1113 locus
359 1072 502 1112 esset
519 1095 534 1121 ,
558 1054 653 1132 qui
675 1053 813 1112 tales
835 1054 985 1112 viros
1009 1059 1314 1134 ignoraret.
1336 1053 1540 1114 Intue-

112 1160 148 1185 20
174 1154 367 1194 rentur
399 1133 764 1192 barbarorum
802 1134 1151 1194 inconditum
1185 1158 1383 1216 agmen
1413 1157 1427 1194 z
1473 1158 1538 1195 a-

115 1213 149 1267 2'0
176 1215 312 1274 lium
360 1215 495 1274 nihil
537 1234 741 1295 praeter
778 1204 1019 1296 jaculufn
1060 1217 1316 1288 habere3
1370 1217 1545 1285 alium

114 1324 147 1349 πο
173 1296 345 1356 funda
385 1293 512 1355 saxa
553 1295 790 1356 librare:
833 1299 1023 1376 paucis
1059 1297 1193 1375 justa
1228 1321 1376 1357 arma
1401 1320 1538 1359 esse>

52 1437 54 1440 ,
115 1407 149 1431 ³0
175 1378 377 1459 Itaque
400 1378 551 1436 illinc
577 1379 763 1457 plures
793 1377 931 1438 stare
956 1401 967 1436 :
1003 1379 1131 1438 hinc
1166 1380 1352 1459 plures
1375 1380 1540 1440 dimi-

115 1457 149 1512 ἑο
175 1480 421 1520 carmos,
459 1461 585 1518 Nec
620 1459 896 1538 postulare
933 1458 987 1519 se
1020 1503 1036 1529 ,
1075 1480 1136 1520 ut
1180 1461 1401 1520 fortiter
1440 1484 1538 1521 ca-

115 1570 150 1594 20
174 1560 458 1624 pesserent
491 1541 778 1621 praelimn,
806 1543 863 1600 ni
886 1543 1002 1620 ipse
1031 1546 1228 1602 ceteris
1251 1543 1542 1605 fortitudi=

116 1652 148 1676 ω
178 1626 258 1683 nis
284 1621 477 1683 fuisset
518 1623 857 1703 exemplum.
894 1625 965 1683 Se
1004 1644 1132 1683 anre
1173 1626 1348 1705 prima
1383 1628 1539 1707 signa

115 1734 149 1758 ω
177 1706 588 1767 dimicaturum.
625 1704 918 1784 Spondere
943 1727 1046 1784 pro
1070 1705 1123 1765 se
1144 1750 1158 1774 ‚
1198 1726 1341 1788 quot
1382 1710 1539 1768 cica-

116 1816 150 1840 20
178 1790 345 1846 trices
378 1830 394 1855 ,
434 1786 675 1846 totidem
716 1792 968 1867 corporis
1001 1787 1206 1847 decora
1233 1810 1245 1847 :
1283 1788 1418 1849 scire
1453 1795 1541 1869 ip-

117 1898 151 1922 »
177 1868 262 1928 sos
283 1912 300 1938 ‚
336 1890 510 1927 unum
534 1890 677 1948 pene
700 1867 753 1928 se
783 1869 986 1948 praedae
1015 1873 1327 1929 communis
1353 1893 1538 1930 exsor-

116 1980 151 2004 ω
178 1972 293 2011 tem
315 1994 330 2019 ,
362 1954 417 2010 in
452 1952 558 2010 iilis
585 1949 834 2010 colendis
864 1953 1236 2031 ornandisque
1269 1974 1540 2032 usurpare

115 2061 152 2086 ω
179 2033 425 2096 vicioriae
449 2033 694 2111 praemia.
727 2035 870 2093 Haec
895 2033 947 2092 se
971 2031 1211 2092 fortibus
1235 2036 1365 2095 viris
1393 2035 1540 2094 dice-

118 2143 154 2167 ω
181 2137 258 2173 re.
296 2114 355 2172 Si
387 2115 484 2194 qui
510 2113 800 2175 dissimiles
835 2137 1027 2174 eorum
1055 2136 1272 2186 essent3
1297 2116 1391 2176 illa
1417 2114 1542 2176 fuis-

116 2224 153 2250 ω
179 2195 232 2255 se
267 2194 546 2256 &Sturum
582 2217 595 2254 ε
634 2198 947 2275 pervenisse
985 2218 1056 2257 eo
1091 2240 1106 2265 ,
1156 2197 1302 2257 unde
1342 2197 1544 2279 fugere

117 2306 154 2359 qn
180 2300 294 2338 non
322 2297 568 2357 possent.
606 2278 726 2337 Tot
761 2299 1037 2355 terrarum.
1060 2277 1229 2358 spatia
1265 2282 1497 2339 emensis
1515 2301 1538 2353 3

117 2387 153 2412 ω
180 2380 270 2419 tot
307 2360 559 2418 amnibus
599 2360 998 2440 montibus-que
1031 2358 1153 2439 post
1175 2382 1399 2442 tergum
1431 2363 1539 2421 ob-

119 2470 153 2494 20
180 2444 370 2518 {effis3
405 2442 511 2500 iter
541 2442 595 2501 in
626 2445 857 2521 patriam
892 2446 950 2501 ὃς
977 2463 1203 2522 penates
1232 2466 1394 2502 manu
1423 2466 1540 2505 esse

120 2551 154 2574 ω
183 2522 498 2582 faciendum
534 2551 586 2582 α.
624 2524 718 2584 Sic
755 2525 926 2586 duces
946 2567 968 2596 „
1006 2525 1084 2584 sic
1116 2528 1363 2605 proxim-i
1388 2525 1543 2600 mili-g

122 2623 243 2663 tum
266 2603 511 2667 *instind'ti
527 2604 673 2666 sunt„
