1747 3063
247 85 342 140 52⁴0
523 66 1450 140 QUINTE-CURCE;

240 160 388 218 illius
422 179 654 240 quoque
696 158 868 237 partis
916 160 1209 219 victoriam
1258 163 1538 223 nuntiant.
1570 151 1687 223 Sed

240 242 463 302 nullum
497 264 567 302 eo
605 239 694 300 die
739 243 918 320 majus
944 241 1258 321 periculum
1292 243 1465 315 adiit,
1515 267 1700 328 quam?

239 322 377 384 dum
432 325 625 404 copias
685 322 909 383 reducit
965 325 1020 382 in
1073 322 1265 384 castra.
1326 326 1498 388 Pauci
1554 350 1686 387 eum

237 410 300 467 ὃς
334 406 702 487 incompositi
731 403 1114 486 sequebantur
1155 428 1391 468 ovantes
1429 412 1686 472 victoria.

239 489 475 569 Quippe
520 509 715 548 omnes
752 486 935 548 hostes
972 508 1071 550 aut
1105 491 1161 548 in
1201 487 1393 571 fugam
1432 491 1643 552 effusos
1667 536 1688 563 ,

236 591 337 631 aut
367 573 420 630 in
447 572 566 631 acie
593 570 904 632 credebant
942 570 1232 632 cecidisse.
1269 574 1420 633 Cum
1455 595 1690 654 repente

237 675 312 715 ex
337 652 575 715 adverso
602 658 862 735 apparuit
887 676 1089 736 agmen
1125 656 1382 736 equitum
1402 700 1418 726 ,
1453 659 1552 738 qui
1575 662 1690 738 pri-

238 759 337 797 mo
383 736 674 797 inhibuere
726 759 997 808 cursum3
1054 736 1259 798 deinde
1303 738 1688 802 Macedonum

237 821 526 902 paucitate
553 822 854 901 conspec'ia
878 864 893 889 ,
938 840 1152 880 turmas
1180 823 1233 880 in
1261 822 1464 882 obvios
1489 826 1688 884 conci-

238 923 525 965 taverunt.
552 903 716 962 Ante
743 904 898 984 signa
924 925 1023 963 rex
1046 904 1164 963 ibat
1189 905 1542 965 dissimulato
1567 928 1690 967 ma·-

238 990 325 1068 gis
349 985 603 1069 periculo
621 1030 636 1055 ,
667 1007 837 1066 quam
862 984 1051 1065 spreto
1077 1006 1090 1044 ε
1126 1007 1230 1047 nec
1257 985 1443 1048 defuit·
1472 993 1522 1049 ei
1553 1001 1692 1069 per-³

237 1088 411 1149 petua
435 1074 492 1130 in
519 1068 704 1129 dubiis
742 1067 911 1127 rebus
948 1067 1203 1130 felicitas.
1244 1070 1510 1152 Namque
1547 1092 1689 1152 prae-

236 1150 449 1212 fectum
472 1156 758 1232 equitatus
784 1150 1011 1211 avidum
1049 1153 1368 1213 certaminis
1388 1197 1404 1222 ,
1441 1156 1499 1213 δε
1526 1153 1602 1213 ob
1630 1153 1690 1214 id

238 1237 423 1316 ipsum
461 1235 740 1294 incautius
774 1238 829 1293 in
866 1233 918 1295 se
951 1255 1246 1305 ruentem,
1281 1234 1432 1296 hasta
1465 1234 1688 1297 transfi-

239 1321 341 1379 xit.
370 1318 508 1392 Quo
534 1339 604 1377 ex
631 1338 782 1397 equo
804 1316 963 1397 lapso
982 1361 996 1387 ,
1027 1319 1349 1398 proximum
1374 1362 1394 1390 ,
1434 1340 1498 1379 ac
1523 1317 1685 1393 dein·-

240 1401 312 1462 de
338 1401 527 1481 plures
553 1399 755 1459 eodem
781 1399 898 1459 telo
927 1398 1208 1461 confodit.

320 1482 587 1544 Invasere
611 1482 873 1544 turbatos
896 1485 1059 1543 amici
1084 1505 1351 1565 quoque3
1374 1505 1478 1544 nec
1503 1484 1687 1544 Persae

239 1566 404 1626 inulti
443 1565 724 1626 cadebant
757 1587 769 1625 ε
818 1568 1028 1647 quippe
1068 1588 1182 1625 non
1222 1568 1494 1627 universae
1537 1568 1686 1627 acies

239 1672 411 1730 quam
455 1650 540 1707 hae
581 1649 961 1709 tumultuariae
1009 1671 1202 1708 manus
1238 1693 1255 1718 ,
1300 1651 1688 1710 vehementius

237 1734 410 1794 iniere
438 1751 740 1792 certamen.
767 1729 1025 1792 Tandem
1059 1733 1314 1803 barbari,
1337 1756 1466 1793 cum
1492 1731 1691 1792 obscu-

238 1837 298 1875 ra
326 1815 452 1875 luce
475 1858 492 1884 ,
524 1812 657 1894 fuga
680 1819 860 1874 tutior
893 1814 1182 1876 videretur
1216 1837 1337 1876 esse
1371 1837 1538 1897 quam
1578 1838 1690 1895 pu·-

239 1921 349 1979 gna
366 1942 381 1967 ,
409 1898 643 1958 diversis
668 1898 982 1977 agminibus
1008 1898 1214 1959 abiere.
1239 1897 1366 1958 Rex
1384 1941 1400 1968 ,
1431 1914 1693 1958 extraora

239 1982 460 2042 dinario
505 1979 761 2060 periculo
813 1978 1107 2040 defunctus
1149 2024 1165 2050 ‚
1211 1980 1523 2040 incolumes
1561 1979 1689 2040 suos

239 2063 467 2123 reduxit
491 2065 544 2121 in
573 2060 766 2121 castra.
787 2063 1067 2123 Cecidere
1093 2065 1386 2123 Persarum
1403 2107 1418 2133 ‚
1445 2085 1690 2142 quorum

238 2169 535 2207 numerum
559 2147 799 2206 viokores
820 2144 982 2206 finire
1007 2166 1319 2227 potuerunt
1336 2190 1351 2216 ,
1378 2145 1547 2225 millia
1571 2164 1692 2218 XL3

240 2228 632 2289 Macedonum
660 2230 839 2288 minus
863 2250 1032 2309 quam
1059 2249 1180 2289 CCC
1216 2227 1516 2289 desiderati
1538 2225 1687 2287 sunt.

242 2311 519 2371 Ceterum
543 2356 559 2381 ,
590 2311 733 2370 hanc
759 2313 1050 2371 vietoriam
1076 2334 1174 2370 rex
1200 2315 1410 2390 majore
1434 2331 1503 2371 ex
1530 2329 1690 2391 parte

237 2396 440 2454 virtuti
464 2416 631 2475 quam
655 2391 898 2452 fortunae
921 2392 1028 2452 suae
1054 2393 1251 2454 debuit
1273 2415 1292 2465 3
1328 2394 1512 2453 animo
1530 2437 1546 2463 ‚
1571 2414 1687 2451 non

236 2497 304 2536 ut
328 2496 491 2537 antea
516 2476 648 2536 loco
680 2477 836 2537 vicit.
863 2477 1012 2536 Nam
1050 2480 1108 2536 &
1141 2481 1317 2536 aciem
1353 2476 1687 2557 peritissime

238 2559 536 2619 instruxit:
579 2563 636 2618 &
680 2561 1060 2638 promtissime
1105 2565 1221 2639 ipse
1269 2559 1583 2640 pugnavit:
1624 2561 1688 2617 &

238 2664 446 2722 magno
489 2640 725 2701 consilio
765 2645 1032 2722 jacturam
1078 2638 1691 2721 sarcinarumimpedi-

240 2745 678 2807 mentorumque
724 2729 1028 2789 contemsit
1065 2769 1083 2801 ,
1140 2747 1272 2787 cum
1318 2726 1372 2786 in
1412 2725 1532 2807 ipsa
1569 2723 1688 2801 acie
