1747 3063
166 84 272 146 452>
420 148 431 153 v
516 76 562 148 Q
590 63 950 129 UINTE÷
977 74 1154 128 cUR
1182 70 1334 137 0153

167 167 364 226 citum.
402 161 548 226 Inde
587 167 880 245 ocstoginta
903 163 1020 224 fere
1045 163 1215 224 stadia
1240 183 1572 247 progressus
1592 185 1621 242 3

169 247 244 310 ad
269 251 508 309 alterum
537 269 756 308 amnem
779 291 795 316 ‚
823 247 1088 307 Bumado
1112 268 1319 306 nomen
1350 247 1426 307 est
1444 293 1460 318 ,
1489 249 1615 310 cas-³·

166 350 253 391 tra
275 336 484 413 posuit.
507 331 857 409 Opportuna
884 329 1232 410 explicandis
1256 328 1431 410 copiis
1453 338 1619 413 regio

168 435 289 475 erat
314 460 329 484 ‚
377 413 695 493 equitabilis
729 416 788 471 &
821 411 968 473 vasta
995 413 1274 493 planities.
1301 412 1391 470 Ne
1418 413 1613 494 stirpes

167 496 399 578 quidem
427 501 486 555 &
513 495 707 555 brevia
733 492 981 575 virgulta
1005 496 1269 575 operiunt
1296 493 1477 554 solum
1501 518 1513 555 t
1541 496 1615 556 li-
1681 517 1683 519 ’

165 579 384 659 berque
419 579 750 658 prospetfms
777 580 1075 638 oculorum
1105 579 1271 637 etiam
1297 577 1368 637 ad
1395 600 1460 639 ea
1487 599 1616 660 quae

167 661 374 744 procul
413 681 690 721 recessere
725 703 744 729 ,
789 666 1156 741 permittitur.
1199 660 1404 741 Itaque
1436 663 1480 720 si
1505 684 1618 742 qua

169 749 356 823 campi
398 742 762 814 eminebant,
807 745 969 825 jussit
1001 745 1210 825 aequari
1241 787 1259 816 ,
1310 763 1616 826 totumque

167 825 452 907 fastigium
483 825 734 888 extendi.

250 909 591 970 Alexandro
612 954 630 980 ,
668 909 766 991 qui
802 930 1102 969 numerum
1128 913 1424 988 copiarum
1458 912 1577 991 ejus
1598 953 1617 982 ,

166 1013 446 1073 quantum
469 993 674 1073 procul
711 992 1013 1071 conjed'tari
1041 1011 1305 1071 poterant
1329 1036 1346 1061 ,
1388 990 1620 1053 aestima*

170 1074 342 1145 bant,
369 1078 468 1137 vix
492 1073 752 1135 fecerunt
779 1072 950 1135 fidem
978 1116 993 1142 ,
1033 1093 1123 1133 tot
1150 1073 1397 1133 millibus
1420 1077 1574 1135 caesis
1597 1116 1615 1145 ,

168 1161 413 1236 majores
436 1160 627 1239 copias
649 1178 771 1217 esse
792 1176 1093 1238 reparatas.
1135 1156 1411 1216 Ceterum
1438 1159 1620 1218 omnis

170 1241 448 1322 periculi,
473 1245 532 1301 &
554 1242 796 1301 maxime
821 1238 1200 1299 multitudinis
1226 1259 1615 1322 contemptor,

172 1323 491 1386 undecimis
512 1321 700 1384 castris
720 1326 981 1404 pervenit
1003 1321 1073 1382 ad
1096 1323 1425 1402 Euphraten
1449 1346 1464 1384 :
1498 1345 1615 1404 quo

171 1407 449 1489 pontibus
487 1407 681 1487 junsto
717 1407 935 1487 equites
973 1406 1185 1486 primos
1211 1407 1289 1464 ire
1316 1448 1331 1474 ‚
1374 1406 1619 1486 phalanf

173 1513 304 1571 gem
329 1490 483 1571 sequi
508 1488 708 1570 jubet3
741 1488 966 1549 Mazaeo
987 1533 1004 1559 ,
1033 1490 1130 1567 qui
1154 1488 1224 1547 ad
1248 1488 1617 1549 inhibendum

173 1574 468 1633 transitum
496 1576 615 1652 ejus
635 1616 651 1642 ‚
680 1594 809 1631 cum
834 1571 928 1630 sex
954 1572 1203 1631 millibus
1227 1573 1483 1651 equitum
1513 1593 1620 1632 oc·-

175 1676 428 1716 currerat
450 1700 466 1726 ‚
506 1677 619 1715 non
643 1677 778 1715 auso
802 1653 1116 1734 periculum
1140 1650 1218 1712 sui
1243 1651 1448 1715 facere.
1472 1656 1618 1714 Pau-

175 1740 253 1798 cis
280 1737 483 1799 deinde
504 1783 522 1809 ,
560 1759 674 1798 non
701 1737 771 1797 ad
808 1738 1055 1818 quietem
1081 1781 1094 1805 ,
1130 1736 1226 1796 sed
1252 1737 1324 1797 ad
1349 1759 1617 1818 reparan-

173 1820 279 1881 dos
305 1824 520 1882 animos
540 1865 557 1893 ,
586 1821 785 1882 diebus
823 1819 966 1880 datis
1008 1819 1201 1890 militi,
1233 1818 1451 1880 strenue
1485 1817 1618 1879 hos-
1704 1836 1714 1856 ·

172 1923 291 1964 tem
317 1906 535 1987 insequi
560 1905 774 1986 coepit:
803 1922 1059 1963 metuens
1082 1948 1098 1973 ‚
1142 1925 1210 1963 ne
1235 1904 1500 1964 interiora
1528 1925 1617 1963 re-

172 1989 271 2068 gni
311 1987 392 2046 sui
427 2007 699 2067 peteret3
749 1984 1130 2067 sequutusque
1169 2005 1314 2046 esset
1355 2008 1453 2066 per
1487 1986 1632 2047 loca.

175 2073 332 2131 omni
348 2070 649 2132 solitudine
672 2091 841 2150 atque
863 2069 1051 2147 inopia
1067 2067 1438 2149 vasta.Igitur
1458 2090 1619 2148 quar-

174 2172 240 2212 to
265 2154 353 2213 die
376 2173 579 2233 praeter
604 2151 822 2212 Arbela
849 2170 1108 2232 penetrat
1132 2152 1203 2212 ad
1229 2151 1471 2232 Tigrim.
1493 2150 1614 2211 To-

173 2254 231 2294 ta
266 2238 424 2317 regio
451 2235 596 2295 ultra
624 2257 842 2296 amnem
878 2234 1094 2294 recenti
1121 2232 1375 2292 fumabat
1414 2235 1617 2302 incen-·⁴

177 2316 315 2378 dio:
354 2320 563 2400 quippe
602 2318 854 2377 Mazaeus
888 2360 904 2385 ,
948 2337 1322 2396 quaecumque
1356 2313 1569 2376 adierat
1594 2335 1616 2386 ,·

174 2399 328 2462 haud
356 2400 513 2462 secus
547 2421 715 2481 quam
740 2397 911 2458 hostis
941 2399 1161 2458 urebat.
1199 2397 1292 2457 Ac
1321 2398 1503 2477 primo
1527 2421 1616 2477 ca7

173 2483 344 2564 ligine
365 2528 380 2554 ,
417 2506 581 2564 quarn
608 2481 792 2543 fumus
816 2480 1093 2541 effuderat
1115 2528 1130 2553 ,
1167 2481 1507 2540 obscurante
1536 2481 1616 2540 lu-

167 2589 306 2637 cen,
335 2567 656 2628 insidiarum
680 2585 835 2626 metu
860 2562 1133 2623 substitit:
1162 2561 1366 2622 deinde
1406 2582 1468 2620 ut
1490 2561 1607 2643 spe-

173 2648 460 2710 culatores
484 2651 751 2730 praemissi
783 2667 906 2708 tuta
949 2648 1134 2705 omnia
1165 2647 1570 2705 nuntiaverunt
1593 2689 1612 2714 ,
1691 2699 1700 2703 ,

173 2754 390 2817 paucos
414 2738 668 2818 equitum
689 2730 760 2795 ad
779 2727 1115 2794 tentandum
1137 2727 1346 2791 vadum
1369 2725 1618 2790 fluminis
