1747 3063
1618 0 1737 71 ‘⁴'

271 107 374 177 336
550 104 1457 176 QUINTE-CURCE‚

268 195 459 266 foret3
494 215 560 253 an
596 193 674 251 ibi
710 189 1044 271 opperiendi
1069 209 1254 250 essent
1288 190 1492 250 milites
1530 184 1727 301 novi{

271 300 417 360 quos
444 298 512 336 ex
537 273 876 334 Macedonia
912 272 1217 333 adventare
1247 272 1558 334 constabat.
1581 275 1726 356 Par-414

271 362 458 420 menio
484 380 596 416 non
629 356 797 415 alium
834 356 1028 414 locum
1066 353 1263 435 praelio
1289 362 1566 436 aptiorem
1594 379 1678 417 ess
1709 359 1733 394 ‘-

270 441 569 503 censebat:
598 441 808 521 quippe
833 439 949 499 illic
987 440 1280 520 utriusque
1310 438 1487 520 Regis
1520 441 1707 520 copia-

269 545 505 584 numero
533 521 748 582 futuras
783 543 944 603 pares
967 544 987 597 3
1018 544 1195 604 quum
1233 521 1495 603 angustiae
1521 522 1685 582 multi

266 607 520 667 tudinem
566 627 681 664 non
715 623 984 685 caperent
1007 647 1025 675 ,
1066 603 1356 685 planitiem
1397 607 1529 686 ipsis
1567 607 1733 704 cam-²}

265 711 486 771 posque
526 710 644 748 esse
681 687 986 758 vitandos„
1024 686 1123 747 ubi
1153 689 1472 759 circumiri,
1499 688 1598 748 ubi
1623 707 1728 769 ans}

263 774 425 853 cipiti
458 773 575 832 acie
610 772 853 853 opprimi
900 790 1155 852 possent.
1189 771 1454 842 Timere,
1493 793 1564 832 ne
1595 792 1721 839 non,

263 857 480 917 virtute
509 854 752 914 hostium
773 899 791 925 ,
829 853 924 914 sed
953 853 1279 914 lassitudine
1300 853 1395 914 sua
1420 859 1725 916 vincerenas

263 956 378 998 tur.
416 938 614 998 Persas
654 958 910 998 recentes
945 936 1179 997 subinde
1212 936 1566 997 successuros
1604 980 1622 1008 ,
1666 936 1710 999 si

262 1018 441 1081 laxius
479 1019 617 1081 stare
653 1025 991 1101 potuissent.
1027 1019 1220 1081 Facile
1252 1021 1397 1080 ratio
1430 1039 1546 1081 tam
1571 1019 1716 1085 salu->

262 1103 377 1163 bris
411 1105 633 1164 consilii
671 1123 905 1184 accepta
938 1101 1015 1162 est
1043 1123 1056 1162 ε
1092 1104 1285 1184 itaque
1322 1104 1469 1163 inter
1503 1099 1731 1185 angus-2¹

261 1187 366 1246 tias
399 1185 568 1246 saltus
593 1185 808 1247 hostem
841 1186 1090 1266 opperiri
1113 1184 1323 1246 statuit.

342 1267 482 1327 Erat
506 1270 559 1327 in
587 1270 839 1329 exercitu
865 1267 1037 1348 Regis
1067 1270 1270 1329 Sisines
1293 1269 1488 1327 Perses
1523 1277 1709 1348 quon-¹

260 1350 390 1410 dam
414 1374 443 1410 a
467 1352 716 1412 Praetore
740 1351 988 1434 AEgypti
1023 1353 1219 1411 missus
1246 1350 1316 1411 ad
1346 1349 1668 1430 Philippum
1683 1361 1717 1421 ,‘

260 1433 539 1515 donisque
565 1439 624 1495 &
650 1437 803 1494 omni
833 1436 1050 1493 honore
1077 1434 1264 1494 cultus
1289 1478 1304 1503 ‚
1349 1432 1577 1493 exilium
1603 1434 1702 1513 pa-'

257 1517 363 1576 tria
387 1514 516 1577 sede
548 1537 900 1579 mutaverat:
935 1516 1160 1577 secutus
1193 1515 1395 1577 deinde
1425 1517 1479 1574 in
1505 1514 1702 1576 Asiam

257 1598 654 1661 Alexandrum
704 1603 850 1661 inter
892 1598 1090 1660 fideles
1137 1598 1318 1660 socios
1366 1596 1704 1663 habebatur.

257 1682 416 1743 Huic
468 1682 761 1763 epistolam
817 1683 1107 1744 Cretensis
1151 1682 1309 1742 miles
1346 1681 1702 1762 obsignatam

257 1764 468 1824 annulo
489 1809 507 1834 ,
545 1769 704 1844 cujus
736 1767 955 1848 signum
991 1765 1144 1826 haud
1163 1764 1288 1825 sane
1310 1784 1510 1824 notum
1537 1781 1657 1823 erat
1675 1803 1697 1834 ,

255 1846 509 1908 tradidit.
563 1849 929 1909 Nabarzanes
983 1869 1195 1928 praetor
1255 1846 1419 1908 Darii
1472 1846 1698 1907 miserat

257 1951 384 1988 eum
411 1974 427 1999 ,
466 1930 913 2014 hortabaturque
939 1932 1180 1992 Sisinem
1204 1975 1223 2001 ,
1263 1949 1320 1986 ut
1343 1928 1564 2010 dignum
1588 1929 1694 1985 ali-

255 2011 387 2090 qm'd
411 2011 680 2071 nobilitate
699 2035 764 2072 ac
789 2014 1018 2071 moribus
1032 2015 1144 2091 suis
1175 2012 1340 2069 ederet
1357 2037 1375 2068 .·
1412 2032 1601 2092 magno
1637 2005 1696 2066 id

256 2096 302 2149 ei
324 2093 470 2175 apud
498 2102 687 2177 Regem
713 2099 898 2153 honori
911 2098 1043 2173 fore.
1068 2098 1190 2156 Has
1211 2096 1427 2156 litteras
1449 2095 1656 2155 Sisines
1676 2127 1696 2165 5

254 2196 458 2256 utpote
481 2177 745 2240 innoxius
767 2222 784 2249 ‚
821 2179 894 2239 ad
917 2178 1314 2240 Alexandrum
1336 2176 1480 2258 saepe
1507 2173 1695 2237 defer·—

254 2280 313 2317 re
339 2262 615 2322 tentavit:
654 2261 748 2321 sed
787 2283 961 2342 quum
997 2282 1086 2321 tot
1127 2263 1271 2321 curis
1310 2265 1696 2341 apparatuque

255 2340 390 2399 belli
431 2341 648 2424 Regem
689 2342 909 2404 videret
953 2345 1179 2424 urgeri,
1226 2344 1406 2424 aptius
1453 2340 1688 2401 subinde

252 2441 475 2503 tempus
512 2429 840 2506 exspeClans
863 2470 878 2496 ,
914 2424 1285 2506 suspicionem
1326 2426 1445 2486 initi
1484 2421 1692 2483 scelesti

253 2506 470 2564 consilii
497 2509 757 2588 praebuit.
777 2511 1042 2590 Namque
1069 2508 1299 2589 epistola
1320 2553 1334 2578 ‚
1364 2510 1689 2590 priusquam

252 2590 304 2648 ei
335 2588 664 2650 redderetur
686 2636 702 2661 ‚
739 2597 793 2653 in
834 2613 1027 2651 manus
1064 2591 1382 2652 Alexandri
1416 2609 1687 2671 pervene-
1722 2657 1723 2661 Ἰ

252 2690 338 2731 rat
359 2716 376 2742 ‚
419 2672 730 2755 letiamque
757 2697 876 2734 eam
901 2718 916 2743 ,
944 2676 1125 2755 ignoti
1149 2674 1361 2735 annulli
1384 2671 1566 2754 sigillo
1592 2674 1688 2730 ἰτη-

252 2775 449 2836 presso
471 2800 490 2830 ,
537 2757 700 2819 Sisini
744 2757 861 2820 dari
895 2761 1170 2838 jusserat,
1207 2757 1277 2819 ad
1314 2754 1685 2818 aestimandam
1720 2780 1722 2803 x

1620 2864 1688 2910 οὐ
