1747 3063
280 104 405 154 DE
454 93 1317 153 FREJNSHEMJUsss
1411 117 1504 171 255

82 198 329 270 ftumque
353 186 658 270 -praesentia
693 183 763 245 ad
799 184 985 245 omnia
1013 182 1273 246 audenda
1303 186 1513 245 confir-

86 290 400 341 marentur,
426 267 642 330 strenue
668 268 1078 349 repugnabant.

168 433 330 494 Luce
347 453 447 512 per
469 431 621 493 varia
644 431 944 496 certamina
964 429 1318 512 consumpta,
1336 444 1511 510 quum

80 515 283 578 diurno
303 515 496 575 labore
514 511 777 593 fatigatos
798 511 978 572 hostes
1001 512 1272 573 Memnon
1296 511 1511 593 segnius

81 596 362 657 custodias
404 616 567 676 agere
616 593 872 654 crederet
892 637 909 664 ,
945 617 1074 653 cum
1116 595 1299 656 valida
1345 616 1514 653 manu

81 679 397 760 prorumpit
420 675 635 756 oppido
651 719 668 745 ,
692 681 994 757 ignemque
1022 678 1288 757 operibus
1315 677 1514 754 injicit.

70 759 197 821 Sed
229 759 641 820 Macedonibus
667 759 736 818 ad
761 757 1080 818 incendium
1117 759 1517 828 concurrenti-3

52 896 55 897 γ
81 842 186 902 bus
205 884 221 909 ‚
249 864 421 922 quum
446 842 503 900 hi
530 841 858 921 extinguere
882 838 1132 900 flammas
1152 854 1516 908 conarentur3

81 924 160 983 illi
195 944 464 1004 augerent
485 965 501 993 ‚
551 926 611 982 &
648 921 1077 1002 prohibentibus
1111 925 1225 983 vim
1264 922 1516 991 intenta--¹

66 1025 206 1074 *rent
224 1048 245 1074 ,
271 1026 397 1065 acre
421 1005 674 1085 praelium
705 1023 966 1064 coortum
997 1002 1073 1064 est
1096 1025 1109 1062 ε
1141 1003 1350 1084 quippe
1378 1003 1516 1071 Mae*

82 1086 327 1146 cedones
364 1086 570 1145 robore
610 1087 831 1146 virtutis
872 1088 931 1144 &
973 1083 1326 1146 assuetudine
1359 1086 1511 1165 peri-

82 1169 342 1227 culorum
376 1167 545 1248 longe
586 1166 907 1246 praestantes
947 1165 1195 1227 hostibus
1219 1210 1236 1237 ‚
1275 1187 1517 1244 numero

83 1270 466 1330 apparatuque
513 1247 799 1308 Persarum
851 1249 1195 1328 urgebantur
1223 1270 1234 1307 ε
1280 1252 1338 1307 &
1385 1250 1517 1328 quia

82 1331 232 1390 haud
257 1330 456 1412 procul
482 1332 650 1389 muris
676 1352 762 1390 res
798 1332 1100 1409 gerebatur
1122 1375 1137 1400 ,
1173 1328 1396 1391 ballistis
1422 1351 1520 1389 ca·

79 1412 417 1494 rapultisque
442 1435 542 1493 per
565 1417 826 1484 mmqenia
853 1411 1135 1491 dispositis
1159 1417 1375 1473 eminus
1400 1416 1516 1480 itu-3

85 1495 249 1577 petiti
282 1495 458 1555 inulta
491 1494 725 1557 vulnera
752 1494 1121 1574 accipiebant.

164 1737 357 1798 Atrox
401 1737 544 1798 inter
581 1739 701 1798 haec
748 1737 1028 1818 utrimque
1076 1737 1288 1796 clamor
1317 1780 1334 1807 ,
1380 1733 1518 1795 hor-

84 1822 322 1880 tantium
362 1819 489 1880 suos
524 1864 541 1889 ‚
584 1822 990 1900 increpantium
1034 1817 1297 1879 adversos
1328 1839 1347 1889 3
1399 1838 1521 1876 turn

85 1900 398 1962 sauciorum
428 1906 486 1962 ὅτ.
514 1904 870 1961 morientium
897 1907 1178 1983 gemitus,
1216 1902 1358 1959 inter
1383 1919 1521 1957 noc-

86 2003 277 2044 turnas
297 1985 556 2044 tenebras
582 1985 764 2043 omnia
790 2005 1003 2044 terrore
1024 1982 1382 2062 tumuituque
1413 1982 1522 2038 im-

86 2065 381 2147 pleverant
415 2086 427 2123 :
485 2067 833 2146 augebantur
881 2067 1000 2125 haec
1042 2065 1279 2125 vocibus
1318 2081 1520 2122 ceterae

88 2147 462 2207 multitudinis
480 2190 498 2215 ,
525 2169 651 2228 quae
678 2147 811 2207 dum
839 2148 928 2207 alii
953 2166 1238 2228 pugnant,
1263 2145 1422 2224 operi
1441 2144 1521 2201 in-

88 2247 242 2289 tenta
266 2273 283 2299 ,
318 2230 488 2289 muris
528 2232 624 2309 qui
665 2229 828 2310 pulsu
866 2230 1247 2289 machinarum
1284 2246 1522 2286 corrue-

0 2377 1 2384 ¹
86 2330 211 2370 rant
232 2355 248 2381 ,
277 2311 594 2389 reparandis
628 2311 1033 2391 occupabatur.
1061 2310 1317 2370 Tandem
1344 2305 1521 2367 acrius

0 2406 2 2445 ἱ
90 2391 266 2452 adnisi
291 2392 638 2453 Macedones
661 2392 873 2453 hostem
897 2395 1038 2453 intra
1063 2394 1266 2453 moenia
1290 2390 1523 2470 redege-

90 2494 218 2533 runt
253 2519 270 2545 ,
314 2496 540 2534 centum
585 2475 934 2557 septuaginta
979 2473 1280 2535 interfecffiis
1313 2517 1330 2542 ,
1377 2474 1521 2531 inter

0 2560 1 2575 ¹
68 2576 231 2637 quos
258 2561 315 2616 &
342 2558 757 2637 Neoptolemus
779 2603 794 2628 ,
846 2559 940 2639 qui
967 2580 1095 2617 cum
1127 2557 1383 2637 Amynta
1406 2552 1522 2612 fra-

93 2655 175 2696 tre
201 2639 269 2699 ad
297 2638 533 2698 Darium
560 2637 881 2720 perfugerat
899 2684 913 2707 ‚
934 2639 1223 2698 occubuit.
1253 2634 1524 2696 Macedo-

91 2738 225 2780 num
255 2742 363 2782 non
400 2720 631 2803 quidem
653 2722 797 2787 ultra
821 2721 1062 2785 sedecim
1089 2722 1404 2803 perierunt,
1426 2714 1527 2777 fed,
