1747 3063
250 94 320 158 84
547 88 1419 153 SUPPLEMENTS-

254 212 293 237 ω
322 180 522 251 nibus,
558 182 879 264 quasinter
915 186 1126 247 vicinas
1172 185 1340 247 urbes
1381 186 1524 269 saepe
1563 187 1692 251 levi-5

250 294 289 319 a>
321 267 547 326 occasio
594 269 883 326 concitat:
930 268 1057 327 odia
1104 271 1318 347 privata
1355 315 1371 340 ,
1412 269 1536 351 post
1585 294 1694 331 rem

256 376 294 403 :0
318 348 462 408 bene
500 346 745 428 gestam,
784 355 1103 409 communis
1139 350 1333 410 laetitia
1367 358 1421 413 in
1463 353 1694 413 benevo-

251 458 288 485 ω
319 431 547 490 lentiam
590 450 777 491 vertet
815 454 833 504 3
878 450 974 489 aut
1022 454 1199 511 quum
1248 455 1421 512 porro
1464 436 1697 499 insanire

252 512 543 574 novae-<ibit
584 554 601 581 ‚
659 535 789 572 cum
840 512 1123 574 dedecore
1178 512 1326 574 forte
1378 515 1698 598 damnoque

253 624 290 650 ω
319 615 693 674 utrorumque
717 639 731 663 ‚
763 593 858 654 sed
889 614 1075 654 tamen
1109 596 1244 655 citra
1281 599 1517 657 exitium
1543 621 1699 658 resu-

251 706 288 731 ω
318 696 559 737 mentur.
604 679 810 758 Neque
857 676 1022 736 dolos
1063 677 1305 758 Philippi
1348 681 1645 740 timueritis
1679 701 1701 752 3

250 788 287 812 :n
317 758 490 818 modo
517 762 803 839 promissis
825 761 943 839 ejus
967 783 1125 821 aures
1153 761 1443 823 occludite
1460 807 1479 836 ‚
1503 783 1701 824 manus

246 869 286 913 ἕο,
313 843 601 904 continete
628 865 658 903 a
693 841 1048 903 muneribu8.1

330 1184 367 1227 ’ω
395 1172 455 1234 Si
487 1172 621 1233 nihil
655 1192 783 1235 ante
815 1172 1134 1234 libertatem
1166 1173 1472 1238 habueritis
1494 1219 1510 1246 ‚
1547 1174 1700 1237 calli·

247 1270 285 1309 ’πο
314 1255 459 1317 ditas
488 1262 546 1318 &
573 1257 900 1338 largitiones
928 1255 1126 1316 frustra
1154 1278 1317 1318 erunt
1341 1280 1353 1317 :
1383 1261 1704 1339 potentiam-

248 1367 285 1392 :n
315 1359 380 1398 ut
428 1338 725 1400 discordiae
775 1342 1112 1419 Graecorum
1167 1340 1495 1402 extulerunt
1536 1385 1553 1412 ‚
1618 1343 1702 1403 ita

247 1449 284 1473 :n
314 1442 620 1482 consensus
661 1424 885 1482 obruet.
934 1423 1092 1495 Quin
1128 1426 1186 1483 &
1220 1426 1338 1503 ipse
1367 1467 1383 1493 ,
1410 1444 1474 1483 ut
1499 1422 1576 1483 est
1605 1444 1697 1485 te-

246 1532 285 1557 m
311 1509 578 1564 merarius
602 1547 619 1574 ,
659 1506 848 1585 excipi
884 1502 1068 1584 potest
1097 1526 1109 1563 :
1151 1505 1309 1586 quod
1349 1508 1392 1566 si
1430 1507 1650 1567 accidat
1675 1550 1702 1577 5

248 1614 284 1639 ω
311 1585 447 1644 nihil
493 1609 522 1646 a
570 1588 773 1647 ceteris
803 1585 881 1646 est
915 1585 1152 1666 periculi
1189 1610 1200 1647 ε
1247 1611 1373 1648 narn
1420 1590 1537 1669 ipse
1576 1589 1697 1670 glo·-

246 1692 292 1719 ω’
311 1669 448 1728 riam
473 1689 643 1751 atque
671 1669 1112 1738 dominationem
1135 1691 1154 1741 3
1186 1672 1283 1752 qui
1306 1670 1405 1729 sub
1433 1693 1501 1731 eo
1527 1670 1653 1731 sunt
1674 1716 1703 1742 ,-

245 1779 282 1803 :n
311 1751 562 1831 quietem
594 1772 890 1832 expetunt.
941 1751 1068 1812 Nisi
1109 1751 1256 1812 forte
1296 1752 1703 1816 Alexandrum

245 1862 283 1885 m
309 1834 615 1894 veremini:
651 1837 918 1906 quoniam
946 1832 1031 1892 isti
1063 1834 1293 1915 quidem
1319 1837 1394 1894 ita
1424 1858 1528 1896 vos
1553 1857 1692 1895 con-

243 1943 280 1967 a>
311 1933 574 1976 temnunt
601 1960 617 1988 ‚
651 1908 712 1978 tit
741 1917 979 1977 idoneos
1003 1936 1207 1997 putent
1229 1960 1244 1986 ,
1289 1918 1497 2000 quibus
1523 1920 1705 1979 etiarm

246 2024 282 2068 Ξ»
310 1999 476 2081 pueri
499 2019 708 2075 nomen
734 1998 1095 2062 formidinem
1119 2004 1302 2082 possit
1329 2002 1620 2063 incutere„
