1747 3063
1561 14 1589 23 ψ

251 90 316 153 48
539 88 1408 152 SUPPLEMENTS

249 198 383 256 pere
408 178 462 238 in
493 203 590 240 eos
625 186 806 243 movit
837 204 849 242 :
879 185 1166 265 ‘victisque
1203 190 1259 247 ὃς
1303 190 1486 267 ejedlis
1511 189 1692 252 rebel-

248 259 395 320 libus
429 306 446 332 ‚
489 265 687 323 urbem
733 287 929 324 eorum
971 269 1110 326 varii
1152 275 1371 348 generis
1422 276 1693 334 convenis
1742 304 1745 307 “

245 343 605 405 habitandam
633 346 792 406 dedit
815 368 826 405 :
860 347 943 407 illi
969 349 1481 430 Alexandropolim
1506 377 1573 413 ex
1597 377 1694 416 no-

243 427 392 486 rnine
425 429 664 487 auetoris
689 427 768 486 sui
796 429 1169 508 appellavere.
1213 432 1502 513 Philippus
1528 459 1690 498 even-

240 528 303 567 tu
332 514 410 569 rei
438 509 690 589 gaudens
715 554 731 579 ‚
773 530 1023 570 ceterum
1060 511 1307 573 solicitus
1333 536 1401 573 ne
1428 515 1528 576 suo
1551 521 1689 579 arbi-

239 592 351 650 trio
397 594 695 670 permissus
738 591 1112 654 adolescentis
1165 601 1379 656 animus
1413 641 1429 666 ,
1475 603 1685 679 majora

236 673 451 732 viribus
483 697 614 733 cum
642 675 814 733 exitio
841 696 1157 755 capesseret
1179 721 1195 746 ,
1228 680 1490 745 evocavit
1515 703 1641 743 eum
1664 727 1683 753 ,

236 775 300 814 ut
326 755 378 814 se
415 755 676 837 magistro
697 799 712 825 ,
747 755 1006 817 ardorem
1032 758 1329 837 prudentia
1363 780 1681 842 temperare

235 835 477 898 disceret
502 860 514 897 ε
555 842 612 898 &
636 840 688 896 in
713 837 1036 920 subigendis
1060 840 1398 902 Chersonesi
1425 846 1678 924 oppidis,

233 917 454 991 strenua
481 941 857 1001 promptaque
886 943 1056 1002 opera
1083 926 1200 1002 ejus
1225 946 1355 984 usus
1381 923 1477 986 est.

319 1003 606 1077 Ceterum*
641 1026 815 1084 quum
857 1004 928 1064 ad
978 1004 1323 1086 Byzantium
1362 1050 1378 1076 ,
1432 1007 1674 1071 validam

231 1086 430 1145 urbem
452 1131 467 1156 ‚
502 1086 738 1145 haereret
773 1085 997 1146 obsidio
1020 1129 1036 1154 ‚
1075 1087 1291 1146 civibus
1322 1092 1546 1170 egregie
1571 1113 1675 1171 pro

230 1168 493 1228 libertate
525 1169 951 1248 pugnantibus3
989 1169 1166 1249 iisque
1201 1171 1389 1230 Graeci
1415 1172 1674 1232 Barbari-

232 1273 343 1332 que
386 1294 402 1320 ,
464 1250 668 1332 quibus
719 1252 1066 1312 incrementa
1125 1251 1369 1332 Philippi
1422 1252 1672 1333 suspecta

230 1353 388 1393 erant
410 1377 425 1401 ‚
465 1335 721 1394 certatim
747 1334 954 1394 auxilio
983 1337 1206 1394 venturi
1238 1336 1671 1399 nunciarentur:

226 1416 521 1496 desperata
543 1418 773 1477 victoria
795 1460 809 1485 ‚
837 1416 893 1476 id
917 1417 1089 1474 unum
1112 1418 1363 1498 agitabat
1384 1461 1400 1486 ,
1428 1440 1669 1500 quanam

226 1501 442 1558 ratione
485 1499 655 1580 quam
695 1501 925 1558 minimo
966 1501 1256 1578 copiarum
1294 1519 1464 1582 atque
1505 1498 1667 1564 farnae

228 1582 434 1641 damno
462 1583 529 1640 ab
557 1581 852 1641 obsidione
888 1581 1223 1641 discederet.

306 1661 632 1744 Imperabat
656 1685 724 1723 eo
749 1683 1006 1744 tempore
1032 1665 1193 1723 Getis
1214 1707 1228 1732 ‚
1257 1663 1531 1745 Scythico
1557 1685 1665 1744 po-

224 1746 362 1826 pulo
388 1791 402 1815 ‚
451 1746 708 1805 Atheas:
750 1748 848 1825 qui
892 1750 1058 1805 armis
1100 1744 1663 1824 Istrianorumopres-
1746 1790 1747 1796 ,

222 1829 309 1887 sus
332 1873 346 1897 ,
383 1828 650 1887 auxilium
679 1851 707 1886 a
733 1827 994 1907 Philippo
1023 1831 1297 1906 petiverat
1317 1871 1332 1896 ‚
1367 1827 1459 1906 spe
1485 1828 1662 1909 adop-

221 1913 387 1971 tioni-s
418 1908 554 1970 faesia
584 1955 598 1980 ,
637 1912 679 1970 si
711 1908 862 1970 fessis
890 1912 1165 1969 Getarum
1191 1911 1357 1970 rebus
1382 1908 1662 1970 succurre-

218 2014 321 2054 ret.
348 1993 511 2053 Idem
533 2037 548 2062 ,
590 2016 764 2073 quum
799 1994 1105 2073 imperator
1138 1992 1498 2061 decessisset,
1525 1992 1661 2052 belli

179 2098 370 2144 .‚metu
400 2075 698 2144 liberatu5‚
725 2074 1072 2137 Macedonas
1103 2096 1311 2135 vacuos
1337 2076 1621 2139 remiserat
1640 2120 1658 2146 ,

215 2182 426 2240 negans
450 2160 538 2213 vel
571 2160 800 2239 ipsorum
826 2158 1026 2213 anxilio
1056 2201 1070 2220 ,
1107 2159 1195 2213 vel
1233 2155 1503 2236 adoptione
1530 2157 1657 2212 Phi-

214 2245 339 2323 lr‘fypl
380 2243 566 2320 egm‘sse
598 2262 619 2304 ;
667 2241 752 2294 cni
785 2235 1045 2295 adversizs
1080 2236 1229 2312 hostes
1259 2240 1391 2312 satis
1411 2241 1657 2319 propria-

214 2346 336 2381 rum
369 2324 574 2378 ‘zm-imm
596 2372 612 2396 ‚
644 2320 706 2378 &w
729 2322 783 2375 in
799 2321 1166 2396 fiaeccessiomm
1191 2323 1332 2401 regni
1339 2322 1490 2397 filius
1517 2338 1656 2376 esset.

213 2407 354 2464 Eam
410 2403 643 2462 Barbari
700 2402 1101 2461 contumeliam
1164 2403 1414 2460 ulturum
1466 2400 1651 2462 ferens

212 2488 503 2568 Philippus
541 2529 555 2553 ,
598 2486 805 2543 omisso
853 2485 1141 2566 Byzantio
1181 2528 1197 2552 ‚
1257 2485 1310 2541 in
1356 2483 1650 2564 Scythiam

212 2574 494 2632 convertit
518 2589 715 2647 agmen
741 2588 758 2636 3
791 2566 887 2626 ubi
915 2586 1185 2626 concerto
1211 2564 1416 2646 proelio
1435 2609 1450 2634 ,
1474 2588 1649 2646 quum

210 2674 444 2715 numero
471 2647 780 2728 superiores
804 2650 1032 2730 Scythae
1061 2668 1273 2717 essent,
1299 2669 1402 2712 nec
1428 2650 1600 2716 virtut
1626 2672 1648 2708 s

209 2751 542 2821 poeniteret,
570 2751 687 2809 arte
713 2731 954 2818 Philippi
976 2729 1392 2808 Macedonibus
1417 2730 1646 2795 vium-{a

1568 2846 1652 2884 §fs
1725 2814 1734 2965 ῥ

1729 2931 1732 2958 ἶ

1729 2977 1733 2993 r

1723 2969 1733 3063 l
