1747 3063
297 67 591 149 ‘LJVRE
625 94 728 147 JV.
764 93 1228 144 CHAPITRE
1264 94 1424 146 XIV.
1508 107 1610 162 499

187 196 224 238 ’πο
251 181 432 249 adhuc
467 202 573 260 pro
615 181 824 241 virtute
862 178 1154 239 timuistis:
1194 200 1320 260 quae
1364 179 1464 238 ubi
1500 181 1616 259 pri·

189 293 225 319 ω
254 262 405 323 mum
431 265 701 344 impetum
734 260 934 320 effudit
957 305 975 331 ,
1013 261 1172 322 velut
1196 260 1453 342 quaedam
1489 263 1613 320 ani-

190 374 225 401 »
250 346 409 405 maiia
436 347 634 405 amisso
667 343 865 403 aculeo
901 362 1111 424 torpet.
1150 344 1232 403 Hi
1256 364 1396 403 vero
1427 347 1614 421 campi

104 477 106 480 .
190 456 226 481 ω
256 425 674 508 deprehendere
717 426 1056 505 paucitatem
1093 469 1108 493 ,
1177 446 1343 505 quam
1396 425 1615 484 Cilicia:

192 537 226 561 σο
254 528 474 568 montes
517 506 950 567 absconderant.
996 505 1216 566 Videtis
1256 504 1480 567 ordines
1523 527 1615 564 ran

192 617 226 643 20
253 611 345 647 ros
362 610 380 660 3
413 611 622 649 cornua
647 607 874 648 extenta
891 611 911 662 3
940 587 1178 647 mediam
1203 589 1378 658 aciem
1410 610 1612 648 vanam

194 699 227 724 ιο
252 675 310 730 &
349 669 685 730 exhaustam.
738 670 888 729 Nam
934 669 1114 728 ultimi
1146 713 1163 739 ‚
1214 691 1357 750 quos
1399 670 1616 729 locavit

191 781 227 804 ao
253 773 480 812 aversos
497 794 515 820 ‚
542 771 700 831 terga
722 754 834 831 jam
861 752 1134 830 praebent.
1160 741 1370 810 Obte'ri
1389 752 1617 811 meher-

192 862 227 886 ω
255 832 380 906 cule
412 854 686 913 equorum
719 832 940 912 ungulis
978 852 1216 911 possunt
1235 855 1254 906 3
1286 838 1501 893 etiamsi
1537 831 1615 891 nil

192 942 227 968 ω
254 933 458 995 praeter
481 913 716 974 falcatos
740 935 933 973 currus
962 916 1216 974 emisero,
1248 915 1324 973 Et
1354 913 1506 973 bello
1541 915 1617 972 vi·-

193 1024 228 1048 20
257 997 492 1055 cerimus
512 1038 531 1065 ‚
577 998 620 1055 si
652 997 922 1057 vincimus
953 995 1148 1074 praelio
1174 1018 1186 1054 ;
1234 1017 1357 1054 nam
1401 1018 1471 1054 ne
1509 996 1614 1055 {His

193 1104 227 1129 ω
256 1077 484 1157 quidem
519 1077 589 1136 ad
615 1075 804 1157 fugam
838 1076 998 1135 locus
1038 1096 1140 1135 est„
1183 1077 1336 1136 Hinc
1364 1077 1618 1158 Euphra-

194 1185 228 1210 no
257 1178 339 1218 tes
362 1182 380 1232 3
412 1158 562 1218 illinc
585 1158 774 1239 Tigris
800 1156 1078 1238 prohibet
1096 1158 1360 1217 inclusos·
1389 1157 1464 1218 Et
1490 1179 1616 1238 quae
1687 1169 1691 1177 “

194 1267 228 1292 ³0
257 1259 416 1299 antea
442 1262 547 1320 pro
573 1239 678 1298 illis
705 1260 861 1298 erant
885 1283 901 1308 ‚
934 1241 988 1297 in
1016 1244 1358 1300 contrarium
1385 1261 1620 1301 conver-

195 1349 230 1374 ω
255 1319 308 1380 sa
337 1320 477 1381 sunt.
511 1321 780 1381 Nostrum
814 1320 1023 1380 mobile
1056 1326 1114 1381 &
1149 1320 1474 1401 expeditum
1522 1344 1618 1401 ag-

196 1432 230 1456 σο
258 1425 384 1462 men
409 1402 524 1476 est3
557 1402 698 1463 illud
727 1402 913 1481 praeda
939 1425 1130 1482 grave.
1170 1403 1501 1483 Implicatos
1537 1426 1619 1462 er=

198 1513 232 1537 ω
259 1507 335 1565 go
372 1484 557 1565 spoliis
602 1483 798 1543 nostris
838 1485 1272 1544 trucidabimus:
1307 1484 1619 1565 eademque

197 1595 232 1620 :n
257 1589 344 1627 res
369 1571 424 1627 &
453 1589 620 1626 causa
644 1567 887 1625 vkstmiae
921 1568 1025 1626 erit
1049 1610 1065 1635 ,
1093 1570 1151 1625 ὃς
1174 1565 1408 1626 studius·
1441 1565 1620 1640 Quod

195 1676 231 1703 ω
256 1650 301 1707 si
327 1669 493 1728 quem
519 1669 547 1706 e
574 1648 736 1707 vobis
755 1667 966 1710 ,nomen
991 1648 1172 1727 gentis
1195 1666 1430 1719 movet3
1470 1650 1624 1728 cogi·
1664 1679 1666 1682 v

199 1759 234 1784 ω
258 1748 376 1799 tet,
412 1728 793 1788 Macedonum
820 1727 935 1788 illic
973 1749 1124 1788 arma
1156 1750 1313 1798 esse,
1348 1750 1462 1789 non
1488 1753 1622 1789 cor-

197 1840 230 1866 20
256 1832 413 1891 pora,
451 1809 702 1868 Multum
732 1810 877 1869 enim
902 1809 1181 1890 sanguinis
1216 1812 1458 1872 invicem
1485 1812 1621 1871 hau-

197 1921 232 1946 m
257 1895 462 1966 simus3
498 1895 556 1951 &
589 1890 803 1972 semper
838 1894 1065 1972 gravior
1103 1893 1156 1950 in
1198 1895 1480 1972 paucitate
1513 1897 1624 1974 jac·
1668 1895 1672 1900 ⁴

194 2004 232 2030 :n
258 1993 382 2034 tura
409 1994 510 2033 est.
542 1974 689 2033 Nam
717 1973 1044 2033 Alexander
1066 2017 1083 2044 ,
1130 1995 1624 2056 quantuscumque

197 2086 232 2110 ω
261 2057 475 2137 ignavis
506 2058 563 2115 ὃς
593 2054 798 2114 timidis
840 2056 1017 2116 videri
1053 2055 1235 2136 potest
1258 2077 1278 2127 3
1312 2078 1484 2116 unum
1509 2060 1623 2117 ani-

199 2168 234 2191 no
259 2140 368 2198 mal
392 2139 502 2198 est:
538 2145 596 2197 &
613 2180 634 2207 ‚
662 2139 706 2197 si
741 2137 877 2218 quid
918 2138 1053 2199 mihi
1079 2138 1305 2199 creditis
1328 2180 1343 2207 ,
1377 2158 1625 2200 temera-

198 2249 234 2275 :n
259 2226 403 2281 rium
425 2222 483 2279 ὅ(
509 2240 747 2290 vecor33
774 2219 957 2280 adhuc
979 2219 1166 2280 nostro
1187 2242 1396 2300 pavore
1415 2263 1429 2290 ,
1454 2242 1624 2300 quam

200 2331 235 2355 ω
260 2301 349 2360 sua
373 2307 584 2362 virtute
607 2299 842 2361 felicius,
879 2302 1036 2360 Nihil
1064 2322 1249 2362 autem
1287 2300 1471 2382 potest
1506 2324 1626 2364 esse

199 2412 236 2438 :n
262 2383 589 2444 diuturnum
608 2426 625 2451 ,
662 2384 752 2444 cui
773 2405 888 2442 non
918 2383 1098 2445 subest
1121 2387 1283 2445 ratio,
1309 2385 1476 2444 Licet
1495 2383 1631 2445 seli-

201 2494 236 2519 κ»
260 2467 395 2525 citas
435 2463 665 2543 aspirare
700 2463 996 2537 videatur3
1029 2485 1216 2527 tamen
1253 2467 1323 2527 ad
1362 2466 1624 2527 ultimum

201 2576 236 2601 ιο
267 2546 568 2607 temeritati
599 2566 717 2624 non>
750 2545 969 2608 sufficit.
1015 2548 1290 2609 Praeterea
1323 2549 1523 2611 breves
1561 2553 1622 2608 δε

200 2657 237 2683 :0
265 2626 560 2688 mutabiles
582 2629 733 2688 vices
755 2650 937 2688 rerum
960 2629 1118 2691 suntt
1157 2635 1214 2690 &
1240 2631 1463 2689 fortuna
1487 2652 1621 2688 nun-

201 2737 238 2764 20
267 2731 434 2792 quam
468 2709 790 2792 simpliciter
824 2711 1098 2794 indulget·
1138 2713 1399 2774 Forsitan
1424 2714 1500 2773 ita
1525 2711 1626 2771 Dii
