1747 3063
206 85 307 142 5-04
480 70 1206 143 QUINTE-czsze
1247 74 1411 136 δε,-

293 159 346 220 C
370 175 480 220 ΑΡ.
513 157 667 219 XV.
700 157 939 217 Interim
965 156 1300 222 Alexander
1321 204 1340 231 ,
1375 181 1443 222 ut
1466 165 1526 224 δε
1549 161 1649 224 dci

201 240 574 302 monstratum
601 264 628 301 a
654 238 942 321 transfuga
974 241 1298 308 insidiarum
1322 243 1515 304 locum
1540 251 1647 307 cir-

1681 0 1727 258 l

201 331 447 387 cumiret
467 345 487 396 3
519 328 578 384 ὃς
605 322 826 394 Dario,
864 323 961 404 qui
985 322 1191 385 laevum
1227 346 1408 386 cornu
1444 328 1646 389 tueba·

204 429 337 476 tur,
377 426 706 466 occurreret
741 427 754 465 :
797 427 998 486 agmen
1042 405 1337 488 obliquum
1383 410 1646 473 incedere
1720 410 1726 455 ’ἒ

263 594 385 632 esso
410 571 706 632 admonlto
724 615 742 642 ,
778 591 841 630 ut
864 570 1211 652 Massagetas
1235 575 1454 654 equites
1477 576 1534 633 in
1554 574 1648 634 lae-

201 492 386 637 §beu
419 488 630 549 Darius
659 510 891 570 quoque
919 487 1122 548 eodem
1155 488 1313 549 suum
1348 492 1644 565 obvertit3
1721 477 1725 505 ³

202 679 338 716 vum
363 652 682 715 Alexandri
707 676 886 715 cornu
913 676 943 713 a
977 655 1152 714 latere
1189 655 1374 718 invehi
1401 657 1646 737 juberet.
1719 684 1725 700 ι

201 738 336 819 Ipse
362 759 490 798 ante
513 736 566 796 se
591 735 827 798 falcatos
854 757 1051 796 currus
1076 736 1322 799 habebat
1348 760 1363 799 τ
1405 760 1549 821 quos
1572 741 1641 799 si·
1723 803 1725 810 χ

199 819 481 902 gno··dato
504 824 798 882 universos
821 824 875 880 in
900 817 1114 879 hostem
1136 820 1354 883 effudit.
1377 820 1645 886 Ruebant

199 905 404 970 laxatis
440 903 671 966 habenis
706 904 912 983 aurigae
936 944 953 972 ‚
994 922 1112 982 quo
1157 903 1349 983 plures
1387 905 1642 965 nondum

203 986 332 1047 satis
376 986 608 1067 proviso
658 987 874 1066 impetu
912 984 1262 1046 obtererent.
1295 985 1464 1047 Alios
1505 1008 1644 1068 ergo

202 1068 369 1130 hastae
396 1068 639 1128 multum
674 1069 821 1128 ultra
846 1086 1103 1127 temones
1129 1072 1435 1129 eminentes
1455 1092 1485 1144 3<
1506 1071 1644 1130 alios
1719 1073 1723 1079 '

202 1152 275 1211 ab
315 1171 561 1230 utroque
601 1150 775 1210 latere
816 1149 1053 1209 dimissae
1094 1148 1266 1210 falces
1304 1150 1644 1213 laceravere.
1721 1153 1723 1159 ’

202 1235 333 1295 Nec
357 1232 555 1294 sensim
592 1231 942 1293 Macedones
975 1230 1256 1295 cedebant
1277 1253 1299 1307 3
1334 1232 1430 1295 sed
1469 1233 1643 1299 effusa

205 1317 575 1379 turbaverant
599 1313 732 1400 fuga
763 1313 1009 1383 ordines.

1394 1383 1437 1392 ψ-

290 1516 543 1578 Mazaeus
580 1537 811 1599 quoque
857 1517 1131 1598 perculsis
1164 1538 1378 1587 metum
1415 1517 1647 1584 incussit

206 1600 362 1661 mille
408 1600 693 1681 equitibus
740 1599 811 1660 ad
855 1600 1165 1682 diripienda
1208 1599 1377 1661 hostis
1411 1602 1644 1684 impedi-

205 1704 395 1744 menta
421 1682 766 1743 circumvehi
788 1685 979 1761 jussis:
1003 1705 1187 1755 ratuS‚
1222 1686 1481 1765 captivos
1505 1708 1646 1766 quo-

207 1790 353 1848 que,
383 1768 481 1847 qui
518 1765 681 1826 simul
721 1767 1150 1827 asservabantur
1172 1810 1186 1837 ,
1220 1774 1646 1848 rupturosvin‘-

209 1850 337 1909 cuia
375 1892 391 1918 ,
438 1871 572 1908 curn
607 1847 737 1908 suos
782 1852 1300 1932 appropinquantes
1347 1850 1644 1912 vidissent.

206 1933 345 1992 Non
372 1930 645 1991 fefellerat
666 1931 1099 1993 Parmenionem
1121 1977 1137 2002 ,
1161 1935 1258 2015 qui
1281 1934 1334 1991 in
1356 1931 1502 1999 laevo
1525 1954 1646 1997 cor-

206 2035 285 2086 nu
311 2035 458 2087 erat:
489 2035 731 2095 propere
754 2015 927 2095 igitur
947 2015 1358 2096 Polydamanta
1379 2016 1551 2075 mittit
1572 2016 1646 2077 ad

206 2120 399 2179 regem
423 2141 439 2168 ‚
476 2100 573 2178 qui
598 2100 656 2156 &
678 2096 991 2177 periculum
1012 2097 1333 2159 ostenderet
1351 2143 1365 2167 ,
1388 2102 1446 2157 δε
1464 2142 1480 2167 ,
1505 2097 1644 2179 quid
1712 2136 1716 2139 >

206 2182 333 2243 fieri
353 2179 574 2260 juberet
595 2222 611 2249 ,
647 2179 989 2241 consuleret.
1024 2180 1131 2241 Ille
1172 2180 1365 2242 audito
1392 2181 1646 2262 Polyda-

206 2281 396 2332 mante
421 2308 436 2334 ,
472 2259 561 2318 abi
581 2306 598 2325 ,
635 2264 825 2319 nuntia
854 2305 872 2332 ‚
911 2264 1094 2344 inquit
1114 2307 1130 2333 ,
1169 2265 1516 2319 Parmenioni
1541 2305 1554 2327 ‚
1601 2263 1645 2318 si

206 2349 322 2404 acie
346 2346 634 2400 vicerimus
655 2388 672 2408 ,
699 2365 799 2400 non
825 2345 987 2420 nostru
1005 2344 1178 2421 solum
1205 2367 1293 2401 nos
1315 2361 1643 2427 recuperatu-

205 2451 283 2486 ros
303 2453 324 2496 ,-
348 2424 445 2503 sed
469 2428 643 2483 omniu
671 2469 688 2496 ‚
732 2447 835 2505 quae
861 2425 1075 2496 hosfium
1092 2425 1217 2504 fiant
1241 2473 1257 2493 ,
1295 2444 1643 2508 occupaturos.

207 2507 437 2570 Proinde
463 2530 563 2564 non
591 2509 650 2586 cst
674 2506 815 2588 quod
837 2509 1361 2589 quidquum‘virium
1374 2507 1646 2584 subducat
1706 2539 1709 2543 ,

206 2617 270 2654 owe
300 2594 409 2649 acie
430 2617 446 2647 .·
464 2589 559 2665 sed
582 2609 638 2646 ut
660 2613 744 2653 me
771 2591 836 2648 (9²⁹
862 2591 1103 2675 Philippo
1131 2608 1277 2675 putre
1301 2591 1521 2671 dignum
1550 2590 1644 2666 est,

209 2690 456 2738 contemto
480 2675 833 2752 sarcinarum
861 2672 1057 2734 damno
1080 2678 1298 2757 fortiter
1324 2673 1559 2733 dimicet.

1288 2807 1482 2864 CuAr.
1511 2807 1643 2863 XV.

1698 2835 1716 2855 ἰ
