1747 3063
237 109 338 164 324
513 85 1443 162 QUJNTE-CURcEg

233 181 317 243 set
350 177 458 240 suis
495 178 607 239 levi
643 199 706 238 ac
746 175 979 257 parabili
1015 175 1171 235 cultu
1200 174 1457 255 corporis
1482 169 1536 234 se
1562 179 1701 236 esse?

237 281 572 326 contentum
597 305 614 331 ,
667 257 962 319 descendit
993 259 1049 316 in
1083 255 1295 318 flumen
1313 300 1331 327 ‚
1359 261 1570 337 vixque
1596 257 1691 317 in-

235 347 412 430 gressi
448 343 635 403 subito
668 343 903 402 horrore
943 360 1096 401 artus
1131 341 1312 421 rigere
1346 358 1686 419 coeperunt:

231 424 421 513 'pallor
457 426 662 486 deinde
708 423 945 485 diffusus
982 421 1059 484 est
1090 466 1107 492 ,
1148 427 1208 483 &
1243 442 1430 483 totum
1472 443 1690 502 prope-

237 510 473 572 modum
531 530 738 589 corpus
788 507 972 568 vitalis
1031 504 1189 566 calor
1224 505 1470 587 reliquit.
1509 504 1692 585 Expi-

237 593 385 654 ranti
409 593 642 652 similem
679 589 908 651 ministri
925 612 1092 650 manu
1126 591 1416 670 excipiunt
1439 631 1456 657 ‚
1484 607 1589 647 nec
1609 585 1691 648 sa-

236 678 311 736 tis
343 695 671 756 compotem
710 679 912 737 mentis
953 675 1011 732 in
1053 672 1482 732 tabernaculum
1526 668 1692 743 defez'

240 777 396 819 I‘Unt.

321 838 532 921 Ingens
573 836 898 899 sollicitudo
949 840 1008 898 &
1056 859 1203 920 pene
1248 840 1360 920 jam
1406 837 1593 897 ludtus
1630 836 1693 897 in

239 921 430 984 castris
466 942 603 981 erat.
641 922 873 982 Flentes
911 922 1294 1001 querebantur
1330 924 1385 976 in
1421 938 1564 976 tanto
1589 923 1699 977 im·-

234 1024 361 1090 petu
393 1026 641 1084 cursuque
675 1025 849 1060 rerum
872 1047 890 1068 ,
938 1007 1101 1059 omnis
1139 1005 1294 1060 atatis
1331 1024 1396 1059 ac
1433 1005 1696 1060 memoria-

244 1090 603 1146 clarissimum
646 1108 819 1167 regem
858 1130 873 1154 ,
924 1106 1026 1142 non
1065 1088 1120 1141 in
1170 1088 1283 1143 acie
1306 1086 1498 1160 saltem
1524 1128 1543 1156 ‚
1588 1106 1698 1142 non-

243 1168 312 1229 ab
343 1167 471 1244 hoste
505 1167 755 1241 dejee‘lum
776 1214 794 1239 ,
826 1166 922 1244 βτί
960 1165 1253 1225 abluentem
1292 1189 1435 1247 aqua
1471 1185 1694 1250 corpus,

244 1270 478 1333 ereptum
522 1273 619 1308 esse
673 1252 737 1309 &⁵
785 1250 1107 1327 exstinctum.
1147 1249 1352 1325 Instare
1396 1252 1695 1324 Darium,

241 1338 486 1391 vitiorem
516 1351 801 1413 antequam
826 1331 1043 1390 vidisset
1077 1331 1259 1407 hostem
1284 1356 1300 1387 :
1338 1331 1439 1389 sibi
1470 1331 1679 1390 easdem

242 1435 407 1474 terras
442 1461 461 1487 ‚
499 1439 629 1496 quas
665 1418 875 1473 viffores
903 1433 1268 1497 peragrassent
1290 1458 1307 1484 ,
1347 1413 1643 1498 repetendas
1664 1440 1694 1471 τ

248 1501 456 1564 omnia,
487 1518 583 1556 aut
605 1501 733 1580 ipsos
754 1544 777 1569 ‚.
799 1517 894 1555 aut
925 1497 1075 1574 hostes
1094 1499 1363 1580 populatos
1386 1521 1409 1564 ,-
1443 1516 1538 1579 per
1561 1498 1693 1575 vas:-

243 1600 325 1640 tus
351 1580 657 1658 solitudines
678 1627 695 1647 ,
729 1584 931 1638 etiamsi
954 1604 1100 1637 nemo
1132 1580 1332 1658 insequi
1361 1582 1493 1636 velit
1516 1624 1536 1651 ,
1564 1601 1689 1637 eun-

243 1680 351 1729 te5,
376 1666 528 1741 fame
556 1682 710 1743 atque
743 1666 921 1745 inopia
956 1661 1206 1720 debellari
1223 1680 1381 1744 posse.
1417 1666 1589 1733 Qem
1617 1665 1695 1720 si-

237 1768 408 1827 gnum
464 1745 722 1802 daturum
759 1744 1084 1826 fugientibus
1124 1744 1149 1805 ἓ
1199 1750 1372 1818 Qem
1426 1767 1689 1802 ausurum

244 1827 561 1886 Alexandro
576 1826 888 1904 succedere?
920 1834 964 1889 J
967 1850 1058 1885 am
1089 1845 1146 1884 ut
1175 1827 1255 1885 ad
1288 1828 1698 1910 Hellespontum.

234 1912 375 1991 fitga
404 1928 732 1993 penetrarent
751 1956 766 1979 ‚
794 1913 1009 1967 classem
1031 1955 1050 1982 ,
1078 1909 1184 1990 quei
1210 1928 1474 1966 transeant
1492 1954 1510 1976 ,
1536 1931 1690 1989 quem

236 2011 648 2074 praeparaturum
670 2000 695 2048 ἒ
720 1993 937 2053 Rursus
967 1995 1022 2054 in
1059 1996 1241 2076 ipsum
1274 1991 1494 2074 Regem
1520 1995 1710 2054 mise--

243 2075 487 2136 ricordia
515 2098 670 2137 versa
693 2119 712 2147 ,
736 2078 889 2131 illum
901 2076 1088 2154 florem
1103 2081 1325 2149 juventa
1346 2118 1363 2144 ‚
1390 2078 1544 2135 illam
1568 2079 1686 2132 vim

244 2160 418 2213 animi
450 2202 471 2228 ,
513 2156 733 2215 eundem
773 2164 957 2239 Regem
1002 2158 1066 2215 (ῥ’
1117 2159 1515 2214 commilitonem
1545 2203 1562 2227 ,
1605 2155 1691 2213 di·-

243 2241 375 2295 velli
414 2261 448 2296 a
472 2240 531 2315 se
570 2239 635 2298 (ῥ’
674 2239 889 2322 abripi,
921 2242 1236 2297 immemores
1261 2238 1355 2316 siti
1397 2237 1688 2320 querebane

244 2339 355 2381 tur.

326 2403 488 2464 Inter
514 2404 636 2465 haec
667 2403 893 2465 liberius
924 2427 1107 2466 meare
1133 2403 1355 2485 spiritus
1391 2423 1690 2485 coeperat3

244 2485 525 2547 allevabat
560 2487 686 2547 Rex
729 2489 926 2548 oe'ulos
953 2533 969 2558 ,
1016 2493 1074 2549 &
1109 2487 1376 2569 paulatim
1411 2487 1690 2547 redeunte

244 2571 429 2628 animo
457 2570 875 2630 circumstantes
912 2574 1120 2631 amicos
1154 2589 1464 2651 agnoverat
1487 2614 1502 2639 ,
1535 2569 1692 2629 laxa-
1745 2635 1747 2654 =

244 2672 414 2731 taque
441 2653 521 2712 vis
551 2653 731 2712 morbi
753 2654 826 2713 ob
857 2655 964 2713 hoc
991 2654 1167 2713 solum
1195 2652 1493 2713 videbatur
1515 2696 1529 2720 ,
1554 2652 1684 2732 quia
1745 2658 1747 2723 l

243 2734 690 2817 magnitudinem
715 2739 844 2802 mali
874 2736 1164 2799 sentiebat.
1193 2736 1470 2796 Animum
1495 2754 1683 2796 autem
1746 2728 1747 2769 1
