1747 3063
150 69 219 124 68
364 69 1321 129 -SUPPLEMENTS

117 168 120 170 ’
149 189 185 214 :o
214 160 358 220 lunt.
387 158 690 240 Implicare
725 183 828 223 vos
859 163 1063 224 volunt
1085 162 1282 223 iisdem
1308 163 1589 228 calamita-

150 271 185 296 ω
213 243 365 303 tibus
388 286 404 312 ‚
439 265 509 302 ex
542 243 747 324 quibus
773 244 945 304 modo
972 245 1354 306 Macedonum
1379 250 1592 310 virtute

149 353 186 378 :n
213 345 385 407 atque
422 323 536 384 fide
584 326 807 386 liberati
853 325 1013 385 estis:
1053 346 1326 408 tantoque
1360 334 1590 411 majori·
1662 357 1667 362 ·

150 435 187 460 ω
213 408 354 475 bus,
385 424 601 486 quanto
634 405 1047 469 formidabilior
1072 407 1241 468 hostis
1272 407 1493 471 futurus
1519 412 1597 472 efi-

150 518 186 541 20
211 488 292 549 set
320 488 611 567 Philippus
630 533 650 559 ,
683 490 852 571 quam
882 489 1226 554 Philomelus
1251 533 1269 561 ,
1297 513 1394 552 aut
1421 495 1593 555 Ono*-

149 599 186 642 ‚³⁹
213 571 472 632 marchus
508 568 685 634 fuere.

233 763 270 787 σο
298 733 448 795 Nam
474 734 529 794 in
552 735 597 795 P
616 753 654 793 R
675 752 710 793 E
730 747 764 794 C
784 751 822 792 A
840 753 876 792 R
895 756 918 793 1
937 756 976 795 o
999 733 1238 816 imperio
1267 735 1433 798 etiam
1455 737 1594 798 boni

152 844 189 871 :n
217 816 376 877 ducis
415 838 653 878 conatus
678 816 828 877 haud
863 820 1045 877 minus
1085 821 1235 879 cives
1261 818 1430 900 quam
1461 820 1592 880 hos-

153 926 189 951 1,
216 918 300 958 tes
341 900 738 982 praepediunt:
779 922 975 978 regum
1021 903 1182 980 jussis
1229 923 1396 961 nemo
1435 902 1598 964 refra-

153 1010 189 1033 ω
215 1001 382 1062 gatur
418 1004 438 1055 3
483 985 646 1042 unius
683 981 914 1042 arbitrio
958 985 1145 1042 cuneii
1193 1005 1487 1064 reguntur.
1524 984 1596 1044 In

153 1091 189 1115 ω
218 1084 334 1142 quo
359 1107 376 1133 ,
419 1087 692 1146 quantum
721 1065 777 1121 'm
804 1064 970 1122 rebus
997 1063 1210 1125 bellicis
1245 1087 1595 1127 momentum

153 1172 188 1197 σο
218 1147 287 1204 sit
307 1190 323 1214 ,
352 1167 463 1205 non
492 1148 781 1228 ignoratis·
818 1148 946 1205 Nec
978 1149 1087 1223 jam
1122 1149 1174 1205 in
1212 1171 1326 1207 uno
1353 1156 1595 1229 cOrpore

154 1255 189 1280 πο
216 1228 637 1289 Macedonibus
693 1229 1014 1308 praesidium
1070 1228 1166 1288 est.
1217 1230 1539 1310 Philippum
1576 1274 1594 1301 ,

152 1337 188 1362 ³0
218 1312 320 1369 etsi
342 1307 522 1372 fatum
559 1309 840 1379 auferret,
892 1309 1222 1371 Alexander
1262 1332 1593 1393 regenerat:

153 1420 190 1444 σο
218 1397 316 1473 qui
344 1395 456 1472 jam
486 1396 540 1452 in
577 1392 1050 1453 adolescenti'hac
1085 1413 1249 1453 aetate
1271 1437 1288 1462 ‚
1334 1416 1398 1455 ea
1429 1395 1594 1453 animi

152 1500 188 1526 σο
215 1476 538 1557 ingeniique
562 1476 901 1535 documenta
928 1475 1105 1538 edidit
1126 1522 1142 1547 ,
1166 1496 1230 1535 ut
1255 1498 1434 1556 prope
1457 1498 1594 1536 con-

153 1584 189 1608 ω
216 1555 319 1617 stet
343 1555 567 1618 summis
588 1556 1036 1639 imperatoribus
1072 1581 1262 1641 parem
1287 1580 1403 1618 esse
1435 1555 1595 1617 futu-

154 1666 190 1691 :³0
218 1662 365 1701 rum.

242 1833 278 1858 ao
308 1803 531 1864 Contra
567 1804 719 1885 apud
752 1803 1129 1864 Athenienses
1164 1801 1317 1884 pacis
1343 1801 1593 1886 bellique

154 1916 188 1942 aa
217 1887 548 1957 arbitrium,
589 1889 719 1967 quia
753 1909 924 1967 penes
967 1907 1162 1944 omnes
1197 1885 1310 1955 est,
1350 1886 1592 1946 velutin

153 1998 187 2022 ω
214 1969 402 2029 medio
429 1972 675 2049 positum
718 1968 1114 2028 audacissimus
1155 1970 1393 2048 quisque
1434 1967 1503 2027 ad
1538 1968 1592 2028 se

151 2079 188 2106 ω
215 2053 426 2123 trahit3
465 2054 679 2132 impetu
711 2052 885 2130 magis
918 2072 1085 2130 quam
1124 2051 1358 2110 consilio
1393 2053 1592 2111 cundia

152 2163 188 2187 ω
216 2154 460 2213 aguntur
487 2144 504 2190 ε’
537 2136 792 2194 homines
826 2133 1054 2212 maligni
1092 2131 1325 2192 suadent
1358 2177 1373 2202 ‚
1407 2135 1592 2213 impe-

150 2245 187 2270 20
214 2218 303 2274 riti
330 2216 643 2275 decernunt
679 2238 691 2274 τ
727 2214 940 2274 bellum
981 2213 1215 2274 sumitur
1250 2216 1546 2274 animosius
1573 2258 1590 2286 ,

152 2327 186 2352 ω
215 2320 382 2378 quam
408 2298 622 2377 geritur
647 2319 659 2356 :
696 2294 909 2356 foedera
934 2296 1082 2356 haud
1123 2299 1324 2356 minori
1355 2295 1594 2356 facilita-

153 2408 188 2433 ω
216 2400 272 2438 te
310 2401 478 2459 quam
504 2382 735 2457 junxere
763 2379 998 2438 violant.
1025 2379 1176 2438 Nam
1209 2383 1266 2439 δε
1302 2402 1431 2438 cum
1461 2373 1594 2437 Phi-

153 2491 187 2515 ω
215 2461 372 2540 lippo
394 2459 579 2521 foedus
601 2464 732 2542 ipsis
757 2460 833 2520 est
863 2482 875 2519 ε
904 2461 1060 2540 quod
1083 2484 1250 2541 quam
1281 2458 1460 2520 sandie
1484 2460 1593 2520 ser-

154 2571 188 2597 20
216 2562 352 2602 vent
382 2587 399 2612 ,
443 2565 501 2602 re
534 2546 649 2624 ipsa
682 2544 1013 2612 declarant-3
1062 2566 1164 2604 nec
1207 2543 1353 2602 enim
1391 2565 1495 2623 pro
1536 2542 1591 2603 se

154 2654 188 2679 ω
216 2622 387 2684 fidem
424 2626 661 2686 violasse
692 2625 817 2684 satis
859 2623 1068 2686 habent
1099 2647 1118 2699 3
1162 2626 1267 2688 nisi
1302 2647 1403 2707 per
1442 2626 1595 2707 ipsos

154 2737 190 2776 ,ω
219 2706 380 2768 latius
407 2706 590 2792 serpat
618 2708 713 2770 ista
744 2709 1032 2790 contagiO.
