1747 3063
219 91 480 152 L‘JVR'E'
515 89 611 150 JV.
654 88 1110 148 CHAPITRE
1158 99 1224 146 X.
1365 94 1460 161 463

53 173 358 264 {inbuenda}
382 205 528 239 aures
554 186 779 238 militum
807 207 824 237 .·
851 200 1022 263 patere
1050 184 1136 237 vel
1161 182 1313 236 nnius
1339 183 1469 235 insi-

49 263 155 320 diis
188 287 349 344 regem
374 291 389 319 .·
429 264 561 319 nihil
599 265 742 339 nefas
788 285 883 318 esse
926 265 1184 322 avaritiae.
1227 262 1468 321 Secutus

50 346 265 404 ¹consilii
295 348 610 413 audiorem,
652 343 819 404 castra
855 349 1052 404 movit.
1090 342 1208 403 Iter
1243 342 1470 403 facienti
1528 407 1532 410 ,
1582 392 1586 396 ,

25 465 28 468 -
49 425 222 505 spado
244 449 386 486 unus
411 434 476 486 ex
504 428 735 507 captivis
759 469 774 494 ‚
809 427 904 504 qui
926 425 1088 485 Darii
1113 437 1346 483 uxorem
1370 446 1468 483 co-

50 509 420 576 mitabantur,
452 507 692 566 deficere
719 529 837 565 eam
872 508 1088 564 nuntiat
1112 528 1130 576 3
1170 510 1226 565 &
1254 508 1348 566 vix
1368 504 1470 584 spi-

46 593 216 647 ritum
243 590 468 648 ducere.
494 588 713 646 Itineris
739 590 992 647 continui
1015 588 1206 646 labore
1231 630 1247 655 ,
1285 588 1469 646 animi-

19 731 22 733 ,
48 689 159 747 que
184 670 508 748 aegritudine
533 667 765 749 fatigata
788 713 802 736 ‚
837 670 979 727 inter
1002 668 1190 727 socrus
1217 673 1275 727 &
1301 665 1466 746 virgi-⁴

45 771 182 808 num
205 751 441 808 filiarum
467 772 657 809 manus
692 751 937 829 collapsa
974 770 1128 819 erat3
1171 747 1373 807 deinde
1406 752 1468 808 &

47 834 309 891 extincta.
345 831 416 890 Id
455 833 632 911 ipsum
671 836 930 890 nuntians
961 831 1096 889 alius
1126 828 1464 908 supervenit.

46 910 124 970 Et
144 933 243 970 rex
268 912 418 971 haud
437 912 590 971 secus
609 955 626 980 ,
660 934 824 991 quam
846 917 889 970 si
915 913 1156 989 parentis
1182 910 1287 968 suae
1315 932 1467 969 mors

45 995 294 1052 nuntiata
321 1014 464 1052 esset
485 1037 502 1063 ,
541 994 768 1052 crebros
795 992 966 1052 edidit
997 994 1275 1073 gemitus:
1307 991 1464 1050 lacri-

43 1074 257 1153 misque
283 1074 498 1133 obortis
518 1117 534 1142 ‚
572 1074 760 1153 quales
785 1072 989 1132 Darius
1014 1071 1384 1152 profudisset,
1407 1078 1466 1133 in

46 1154 470 1214 tabernaculum
494 1199 509 1223 ‚
555 1157 608 1212 in
649 1178 761 1235 quo
788 1174 961 1213 mater
987 1175 1104 1213 erat
1137 1153 1337 1224 Darii,
1373 1154 1464 1214 de·-

46 1233 239 1295 fun6io
264 1236 508 1295 assidens
531 1242 797 1317 corpori,
848 1237 1018 1294 venit.
1055 1235 1169 1294 Hic
1207 1257 1343 1295 vero
1381 1257 1466 1294 re-

49 1338 289 1377 novatus
314 1316 390 1376 est
419 1339 656 1385 moeror,
684 1337 744 1375 ut
769 1315 1096 1396 prostratam
1120 1318 1273 1376 humi
1298 1317 1462 1377 vidit.

45 1396 287 1457 Recenti
318 1399 466 1459 malo
487 1401 735 1477 priorum
762 1420 989 1478 quoque
1017 1397 1296 1457 admonita
1320 1443 1336 1468 ,
1377 1420 1461 1457 re-

32 1480 274 1558 'ceperat
297 1480 351 1537 in
385 1486 655 1561 gremium
694 1479 911 1538 adultas
954 1480 1192 1558 virgines
1215 1522 1230 1547 ,
1265 1502 1467 1559 magna

47 1560 277 1641 quidem
302 1563 479 1620 mutui
504 1561 713 1621 doloris
737 1559 928 1620 solatia
949 1583 965 1631 3
1002 1559 1093 1619 sed
1120 1561 1321 1641 quibus
1345 1563 1464 1640 ipsa

46 1643 280 1701 deberet
309 1664 424 1701 esse
448 1642 661 1701 solatio.
698 1641 765 1701 In
792 1644 1094 1720 conspectu
1136 1663 1252 1702 erat
1288 1663 1465 1721 nepos

46 1723 308 1803 parvulus
333 1766 347 1790 ‚
374 1723 448 1782 ob
470 1723 526 1782 id
551 1729 732 1801 ipsum
758 1722 1085 1782 miserabilis
1107 1767 1124 1792 ‚
1150 1723 1304 1803 quod
1328 1744 1463 1782 non-

22 1804 180 1864 ‘dum
202 1803 471 1864 sentiebat
505 1805 873 1864 calamitatem
895 1848 911 1873 ‚
950 1806 1186 1864 maxima
1214 1827 1281 1863 ex
1307 1825 1465 1884 parte

0 1884 116 1943 :ad
152 1886 332 1965 ipsum
368 1885 794 1945 redundantem.
838 1885 1116 1945 Crederes
1144 1929 1161 1955 ,
1202 1885 1463 1945 Alexan-

21 1965 209 2025 rdrum
240 1971 383 2026 inter
416 1967 534 2026 suas
560 1967 996 2027 necessitudines
1021 1966 1156 2026 fiere
1177 2010 1194 2035 ,
1223 1972 1280 2026 &
1314 1966 1462 2026 sola-

40 2050 117 2106 tia
143 2069 254 2105 non
282 2046 542 2108 adhibere
562 2092 577 2116 ‚
605 2048 698 2108 sed
725 2070 990 2128 quaerere.
1019 2048 1171 2107 Cibo
1197 2068 1347 2108 certe
1368 2048 1461 2108 ab·

41 2127 265 2189 stinuit:
313 2150 646 2209 omnemque
688 2130 960 2190 honorem
999 2128 1180 2189 funeri
1211 2172 1228 2198 ,
1277 2134 1462 2209 patrio

42 2211 331 2269 Persarum
378 2232 531 2270 more
564 2253 581 2280 ‚
628 2210 864 2270 servavit
888 2234 900 2272 ε
948 2210 1150 2289 dignus
1189 2211 1414 2270 hercule
1440 2254 1461 2281 ,

43 2292 140 2371 qui
182 2313 331 2348 nunc
375 2314 602 2371 quoque
653 2313 872 2352 tantum
920 2292 1354 2352 mansuetudinis
1401 2297 1462 2352 &

44 2373 404 2430 continentiae
428 2370 568 2431 ferat
587 2371 847 2432 frucium.
874 2375 1059 2433 Semel
1081 2377 1310 2433 omnino
1339 2396 1461 2432 eam

41 2453 260 2513 viderat
279 2494 296 2520 ,
331 2475 445 2532 quo
473 2453 560 2513 die
587 2474 747 2532 capta
773 2452 888 2526 est3
919 2476 1022 2515 nec
1049 2475 1110 2514 ut
1133 2459 1304 2535 ipsam
1323 2499 1339 2524 ,
1361 2454 1459 2513 sed

19 2554 107 2592 .ut
143 2534 302 2593 Darii
335 2554 562 2593 matrem
608 2536 821 2595 viderat
855 2557 869 2594 τ
922 2537 1290 2616 eximiamque
1327 2535 1459 2616 pul-

42 2614 413 2673 chritudinem
438 2613 628 2674 formae
654 2619 769 2689 ejus
795 2639 904 2676 non
923 2617 1164 2680 libidinis
1188 2619 1459 2679 habuerat

38 2695 458 2758 incitamentum
478 2740 495 2768 ‚
523 2695 615 2759 sed
639 2699 854 2781 gloriae.

1137 2800 1183 2849 V
1207 2797 1255 2848 iv
