1747 3063
274 119 451 184 ιω,
585 111 1450 173 SUPPLEMENTS

268 206 468 267 stinCiu
494 206 751 287 quodam
775 205 846 264 ad
868 225 1119 265 extrema
1152 205 1412 268 audenda
1442 228 1728 289 ageretun

268 287 456 371 Igitur
481 287 769 370 Ephialtes
796 287 1020 346 duobus
1043 287 1289 349 millibus
1314 313 1384 351 ex
1405 293 1561 350 omni
1581 313 1724 352 mer-

265 375 624 453 cenariorum
648 391 884 429 numero
910 369 1138 429 delectis
1163 415 1178 439 ‚
1213 369 1365 431 faces
1385 373 1536 432 mille
1559 395 1723 453 para-

267 477 330 516 re
369 451 528 533 jubet
551 495 568 521 ,
616 452 908 534 primaque
945 451 1072 512 luce
1110 452 1344 524 adesse,
1385 458 1444 515 ὅ(
1477 473 1721 516 armatos

263 536 590 615 exspectare
622 537 940 614 imperium.
987 535 1200 615 Coepta
1234 536 1325 596 die
1362 559 1538 617 quum
1570 538 1742 597 Ale--

262 617 481 679 xander
510 618 713 677 iterum
740 639 902 676 muro
930 617 1185 689 latericio
1217 619 1500 679 machinas
1526 619 1721 681 admo·

261 703 467 770 visset,
489 699 866 782 instarentque
892 700 1241 762 Macedones
1268 704 1461 780 operi,
1482 701 1718 784 Ephial-

260 802 347 845 tes
391 783 557 864 porta
594 782 780 842 subito
830 781 1106 863 patefacta
1157 784 1451 845 dimidium
1490 785 1719 845 suorum

258 889 395 927 cum
420 865 678 937 facibus3
711 867 829 946 ipse
852 869 1079 927 immitit
1119 889 1250 928 cum
1293 868 1494 927 ceteris
1537 867 1716 928 denso

253 952 480 1030 ‚agmine
505 947 865 1029 subsequitur
885 992 903 1018 ,
937 969 1001 1008 ut
1024 947 1209 1010 hostes
1232 949 1555 1010 incendium
1582 972 1718 1032 pro-

255 1031 537 1094 hibituros
562 1031 945 1091 submoveret.

337 1114 672 1176 Alexander
708 1113 1000 1173 intellecto
1031 1112 1171 1195 quid
1203 1134 1500 1195 ageretur,
1535 1117 1713 1177 aciem

250 1199 518 1260 celeriter
555 1196 773 1259 instruit
802 1240 817 1265 ‚
863 1195 1104 1257 subsidia
1147 1197 1368 1257 delecio
1402 1198 1578 1259 milite
1618 1198 1715 1259 fir·-

251 1302 372 1345 mat
395 1325 410 1350 ,
446 1302 737 1361 quumque
763 1279 901 1339 alios
926 1279 1000 1340 ad
1036 1279 1486 1360 extinguendum
1520 1283 1710 1362 ignem

250 1369 333 1428 ire
357 1367 606 1445 jussisset
625 1407 642 1433 ‚
670 1363 725 1420 in
757 1385 854 1422 eos
881 1364 977 1443 qui
1011 1385 1144 1422 cum
1167 1363 1431 1443 Ephialte
1461 1364 1712 1425 advene-

250 1468 378 1508 rant
410 1449 684 1528 impe-turn
711 1443 864 1506 facit.
884 1447 971 1505 At
994 1445 1087 1505 ille
1110 1446 1314 1526 insigni
1336 1451 1591 1526 corporis
1613 1469 1709 1507 ro-

251 1529 394 1592 bore
415 1573 430 1599 ‚
467 1549 757 1611 quotquot
782 1526 1039 1589 conferre
1059 1527 1265 1608 pedem
1285 1528 1575 1589 audebant
1606 1530 1718 1593 ob-:

249 1632 517 1673 truncans
540 1627 566 1681 ,⁴
582 1611 710 1672 suos
743 1633 888 1672 voce
914 1631 1056 1670 nutu
1076 1654 1094 1680 ,
1121 1614 1179 1670 ὅ(
1204 1613 1475 1692 imprimis
1515 1635 1716 1673 exem--

249 1695 352 1775 plo
387 1695 457 1755 ad
482 1697 750 1756 virtutem
777 1693 1060 1755 animabat
1084 1714 1097 1752 :
1138 1715 1323 1775 neque
1352 1717 1550 1774 parum
1579 1717 1702 1755 mo·

248 1777 419 1838 iestiae
446 1777 475 1837 ὲ
507 1782 678 1838 muris
714 1776 1088 1844 exhibebatur
1117 1775 1300 1850 hosti3
1336 1780 1545 1857 quippe
1584 1797 1704 1837 tur-

247 1883 368 1922 rem
392 1881 619 1921 centum
639 1859 964 1919 cubitorum
990 1859 1203 1919 obsessi
1230 1879 1523 1919 erexerant
1542 1903 1558 1929 ,
1586 1879 1703 1920 tor-

247 1944 565 2024 mentisque
598 1941 901 2004 commode
936 1940 1256 2023 dispositis,
1287 1940 1464 2002 hastas
1489 1945 1548 2003 &
1571 1940 1698 2008 saxa

244 2025 660 2108 jaculabantur.

324 2187 485 2249 Inter
510 2190 630 2250 haec
659 2212 730 2250 ex
768 2188 986 2252 diversa
1008 2209 1167 2271 parte
1199 2188 1353 2250 urbis
1381 2190 1404 2261 (
1437 2187 1542 2269 ipsi
1565 2187 1698 2251 Tri·

245 2273 423 2356 pylon
462 2273 789 2349 vocabant)
825 2272 971 2333 duce
1011 2272 1321 2333 Memnone
1353 2272 1491 2332 alius
1527 2273 1694 2352 oppi-

242 2357 523 2417 danorum
549 2353 756 2435 globus
779 2398 793 2423 ,
835 2355 944 2434 qua
971 2356 1195 2415 minime
1221 2354 1688 2433 exsped'mbatur,

242 2439 429 2519 erupit
451 2480 468 2505 ,
501 2456 804 2517 tantusque
824 2437 1097 2496 tumultus
1124 2438 1348 2496 incessit
1376 2435 1562 2496 castris
1584 2480 1600 2505 ,
1629 2455 1692 2498 ut

240 2522 358 2601 ipse
408 2524 574 2578 etiam
622 2520 747 2579 Rex
788 2518 1007 2579 consilii
1055 2521 1303 2580 incertus
1352 2517 1689 2580 efficeretur.

238 2603 357 2663 Sed
395 2602 560 2660 animi
593 2601 980 2681 magnitudine
1004 2645 1020 2671 ,
1061 2606 1118 2661 ὅ(
1145 2602 1484 2682 opportunis
1520 2602 1690 2680 impe·
1722 2614 1723 2619 ’

238 2687 331 2747 riis
359 2685 541 2743 omnia
583 2683 828 2761 pericula
855 2684 1257 2764 propulsabat,
1286 2688 1342 2744 ὅ(
1373 2682 1599 2742 fortuna
1631 2687 1687 2743 in

236 2787 496 2852 tempore
531 2765 810 2831 subvenit.
845 2765 1032 2850 Igitur
1057 2771 1117 2829 &
1157 2767 1256 2851 qui
1292 2766 1574 2830 machinas
1612 2765 1687 2823 in-
1708 2771 1715 2840 13

1565 2862 1707 2922 etoit,
