1747 3063
117 99 383 166 LIVRE
419 113 516 163 JV.
546 111 1005 161 CHAPJTRE
1038 109 1135 162 JV.
1240 124 1365 187 >411

0 200 154 262 tribus
178 195 559 277 dependentes
580 239 596 266 ,
625 216 718 256 aut
743 212 1192 276 propugnatores
1215 239 1232 266 ,
1276 215 1373 256 aut

0 305 64 342 isa
104 274 322 359 navigia
357 278 696 339 lacerabant.
735 277 989 359 Clypeos
1023 299 1160 340 vero
1192 298 1375 338 aeneos

0 358 135 425 {ulto
161 365 290 442 igne
316 361 644 428 torrebant,
688 380 829 440 quos
869 359 1115 438 repletos
1160 359 1387 423 fervida

0 465 120 506 rena
144 488 159 514 ‚
206 464 486 523 coenoque
510 441 750 503 'decocto
772 486 787 504 ,
815 462 843 500 e
870 446 1039 501 muris
1061 441 1246 503 subito
1272 441 1376 503 de-

0 526 281 602 olvebant.
317 525 443 583 Nec
482 524 594 584 ulla
630 520 795 602 pestis
830 524 1004 602 magis
1033 524 1339 585 timebatur
1359 545 1379 596 3

0 609 166 687 'u-ippe
206 608 299 665 ubi
333 607 565 665 loricam
601 625 920 684 corpusque
960 603 1182 665 fervens
1218 629 1382 667 arena

0 699 349 750 *enetraverat
372 731 389 756 ,
427 709 529 747 nec
558 685 668 745 ulla
710 689 766 747 vi
803 688 991 745 excuti
1023 707 1246 766 poterat
1267 733 1284 758 ,
1324 692 1386 749 ὃς

0 769 240 853 uidquid
279 774 576 849 attigerat,
613 768 913 847 perurebat
946 789 966 839 3
1007 769 1390 852 jacientesque

3 873 110 913 rma
131 896 147 922 ‚
180 853 432 912 laceratis
461 851 747 920 omnibu8‚
778 850 979 931 quibus
1012 857 1239 932 protegi
1276 873 1391 932 poe

7 954 175 1003 xant,
204 933 529 994 vulneribus
553 932 715 991 inulti
735 932 1003 1013 patebant
1016 952 1036 1003 3
1065 939 1225 996 corvi
1248 955 1391 996 vero

10 1015 240 1078 :ferreae
277 1038 473 1076 manus
508 1016 803 1076 tormentis
842 1015 1052 1076 emissae
1090 1014 1396 1098 plerosque

13 1097 279 1180 ipiebant.

30 1179 109 1239 'C
132 1199 167 1236 A
187 1198 238 1237 P.
278 1177 404 1253 LV.
442 1177 559 1238 Hic
585 1200 681 1238 rex
704 1177 967 1258 fatigatus
1005 1176 1269 1237 statuerat
1301 1176 1396 1237 so-

18 1281 85 1322 lta
109 1259 402 1320 obsidione
424 1260 747 1342 AEgyptum
774 1279 984 1340 petere.
1007 1261 1238 1340 Quippe
1265 1282 1396 1319 cum

23 1345 166 1403 ,siam
202 1344 414 1422 ingenti
463 1342 745 1403 celeritate
789 1347 1152 1422 percurrisset
1186 1362 1205 1412 3
1247 1349 1398 1403 circa

25 1447 162 1485 ,uros
201 1428 363 1483 unius
395 1424 547 1483 urbis
587 1425 870 1493 haerebat,
907 1443 997 1483 tot
1035 1425 1402 1484 maximarum

22 1529 158 1568 >trum
189 1512 616 1586 opportunitate
659 1506 898 1566 dimissa.
938 1505 1212 1564 Ceterum
1239 1549 1255 1575 ,
1283 1525 1400 1566 tam

26 1588 261 1650 'scedere
295 1590 508 1647 irritum
532 1631 548 1658 ‚
585 1609 751 1668 quam
780 1589 984 1647 morari
1009 1586 1259 1666 pudebat
1283 1610 1295 1646 ε
1322 1585 1418 1647 fa·-

34 1694 118 1733 am
145 1692 374 1753 quoque
396 1713 412 1739 ,
439 1691 547 1749 qua
576 1670 735 1749 plura
757 1703 774 1738 ,-
815 1692 981 1750 quam
1009 1676 1205 1737 armiS‚
1244 1691 1402 1730 ever-

30 1773 118 1812 ·rat
137 1796 153 1821 ‚
181 1773 331 1811 ratus
367 1751 637 1812 leviorem
662 1751 781 1812 fore
805 1794 819 1820 ‚
857 1754 903 1810 si
939 1751 1158 1833 Tyrum
1187 1795 1203 1820 ‚
1246 1751 1405 1834 quasi

32 1833 169 1894 stem
199 1832 252 1894 se
288 1855 450 1915 posse
488 1834 635 1894 vinci
666 1878 681 1904 ‚
730 1833 1060 1914 reliquisset.
1104 1832 1288 1913 Igitur
1330 1854 1403 1892 ne

37 1915 116 1976 :id
139 1917 491 1995 inexpertum
517 1918 802 1975 omitteret
826 1936 844 1986 3
883 1915 1069 1995 plures
1106 1936 1273 1976 naves
1302 1914 1409 1978 ade

41 2000 195 2058 oveti
217 1997 376 2078 jubet
398 2040 414 2065 ,
456 1996 815 2077 ἀεὶεέὶσεεμιε
848 1998 1086 2057 rnilitum
1108 1998 1341 2077 imponi.

65 2079 141 2145 Et
163 2078 310 2138 forte
341 2078 529 2138 bellua
551 2080 828 2139 inusitatae
857 2077 1254 2159 magnitudinis
1275 2120 1290 2148 ‚
1318 2077 1404 2138 su-

42 2182 80 2220 er
101 2167 253 2241 ipsos
278 2160 479 2219 fluctus
511 2159 681 2219 dorso
711 2164 956 2220 eminens
982 2203 1001 2229 „
1047 2159 1116 2218 ad
1156 2160 1360 2221 molem
1382 2202 1403 2229 ,

45 2244 147 2304 [am
170 2242 513 2303 Macedones
538 2245 784 2321 jecerant
805 2285 820 2311 ,
849 2243 1042 2320 ingens
1068 2264 1272 2321 corpus
1297 2263 1403 2320 ap-

90 2328 218 2394 uit3
256 2323 731 2405 diverberatisque
763 2322 1026 2384 fluctibus
1050 2323 1291 2384 allevans
1319 2323 1407 2383 se-

58 2406 133 2475 st,
170 2403 449 2485 utrimque
477 2407 774 2484 conspetoca
804 2404 879 2464 est
904 2427 927 2464 t·
951 2405 1156 2485 deinde
1183 2429 1213 2464 a
1247 2408 1406 2485 capi·-

73 2487 236 2549 molis
259 2508 446 2546 rursus
476 2487 592 2547 aito
616 2486 668 2546 se
693 2488 959 2547 immersit
981 2508 998 2558 3
1025 2510 1088 2547 ac
1114 2489 1288 2548 modo
1307 2487 1406 2545 su-'

0 2600 2 2627 ;
55 2590 88 2626 ,τ
130 2568 306 2628 undas
349 2569 591 2628 eminens
638 2590 837 2648 magna
878 2568 957 2627 sui
995 2589 1187 2649 parte,
1229 2569 1403 2630 modo

2 2671 7 2695 2
91 2648 280 2709 erfusis
304 2649 564 2710 fluctibus
592 2651 823 2710 condita
844 2693 861 2720 ,
892 2650 1040 2710 haud
1067 2653 1263 2731 procul
1287 2675 1407 2709 mu-

4 2732 9 2773 ⁴.
54 2734 245 2814 ¹mentis
289 2733 440 2810 urbis
489 2734 734 2813 emersit.
779 2734 1050 2818 Utrisque
1100 2733 1261 2792 laetus
1303 2730 1408 2799 fuit

53 2819 59 2887 ‘s
1168 2832 1253 2900 521·
