1747 3063
217 52 326 116 *304
517 31 1448 114 QU-JNTE-CUR053'

220 140 324 196 ciis
344 133 630 213 imperatae
655 174 672 200 ‚
706 151 833 210 quae
864 126 1250 209 Hellesponto
1276 122 1667 208 praesi'derents

217 212 496 277 Nondum
520 215 668 288 enim
700 211 1070 270 Memnonem
1091 211 1207 272 vita
1230 209 1533 271 excessisse
1559 233 1666 271 co-

219 313 501 380 gnoverat
523 338 540 366 ,
578 291 634 354 in
669 314 838 374 quem
879 313 1073 352 omnes
1107 291 1426 353 intenderat
1463 313 1666 363 curas3
1697 331 1705 336 ,A

216 381 347 441 satis
382 398 588 460 gnarus
618 377 818 436 cuncta
854 376 912 433 in
941 373 1213 456 expedito
1249 373 1409 444 fore,
1449 379 1495 440 si
1530 372 1667 436 nihil
1702 415 1705 418 >

218 464 290 526 ab
318 483 386 521 eo
413 477 760 521 moveretur.
777 457 1016 539 Jamque
1053 455 1124 517 ad
1150 455 1348 518 urbem
1372 457 1689 539 Ancyram'

218 563 453 607 ventum
500 561 619 602 erat
651 584 668 612 ,
714 540 820 600 ‘ubi
861 562 1099 600 numero
1141 541 1434 620 copiarum
1479 540 1665 610 init0,

216 626 662 707 Paphlagoniam
691 625 861 684 intrat
876 644 894 696 3
917 625 1048 684 huic
1073 623 1248 704 juncti
1273 642 1430 682 erant
1455 622 1626 683 Eneti
1645 665 1666 694 ,

219 708 369 770 unde
407 706 638 790 quidam
673 705 930 767 Venetos
967 706 1188 766 trahere
1224 705 1500 785 originem
1538 728 1666 766 cre-

219 791 405 851 dunt:
447 791 744 871 omnisque
781 788 903 848 haec
927 793 1086 870 regio
1124 789 1311 869 paruit
1343 787 1526 870 Regi,
1569 788 1669 849 da-

219 879 406 955 tisque
451 871 750 933 obsidibus
784 915 803 942 ,
848 873 1128 933 tributum
1173 868 1333 950 quod
1373 891 1443 929 ne
1487 870 1670 932 Persis

220 956 453 1038 quidem
506 957 764 1016 tulissent
801 997 818 1024 ,
867 953 1118 1037 pendere
1164 974 1234 1012 ne
1277 973 1619 1033 cogerentur
1645 997 1666 1025 ,

218 1040 687 1121 impetraverunt.
715 1037 883 1097 Calas
917 1039 1049 1096 huic
1082 1039 1301 1116 regioni
1332 1036 1671 1116 praepositus

154 1169 159 1173 .
221 1120 337 1183 est:
373 1126 490 1203 ipse
517 1165 534 1191 ,
567 1121 863 1200 assumptis
888 1121 985 1200 qui
1018 1142 1087 1180 ex
1117 1117 1460 1180 Macedonia
1489 1139 1671 1201 nuper

218 1204 567 1269 advenerant
594 1247 613 1277 ,
656 1201 1087 1284 Cappadociam
1119 1202 1304 1283 petiit.

316 1567 497 1630 CAP.
533 1565 633 1631 ΙΙ.
665 1568 753 1630 At
793 1567 1046 1640 Darius3
1093 1564 1358 1630 nunciata
1399 1564 1671 1628 Memno:

223 1652 307 1713 nis
333 1673 514 1712 morte
543 1652 693 1712 haud
720 1652 877 1714 secus
915 1675 1082 1734 quam
1119 1675 1219 1734 par
1245 1672 1363 1713 erat
1388 1695 1405 1721 ,
1441 1670 1671 1723 motus;

223 1740 432 1796 omissa
459 1737 611 1795 omni
636 1737 737 1796 alia
769 1733 862 1816 spe
885 1779 901 1805 ‚
946 1733 1135 1796 statuit
1173 1737 1290 1816 ipse
1327 1734 1672 1794 decernere:

224 1819 436 1898 quippe
464 1840 589 1899 quae
623 1841 721 1899 per
748 1817 919 1878 duces
942 1817 1070 1877 suos
1101 1820 1219 1879 acia
1252 1838 1443 1888 erant,
1470 1817 1672 1877 cuncta

224 1899 575 1972 damnabat3
616 1921 767 1960 ratus
812 1901 1068 1981 pluribus
1105 1923 1298 1961 curam
1340 1944 1358 1970 ,
1410 1898 1673 1959 omnibus

223 1980 468 2043 abfuisse
500 1981 808 2043 fortunam.
851 1982 1038 2064 Igitur
1075 1983 1261 2044 castris
1298 1982 1370 2044 ad
1405 1979 1671 2063 Babylo-

223 2087 352 2124 nem
384 2066 620 2145 positis,
673 2065 788 2148 quo
833 2069 1044 2146 majore
1088 2072 1273 2127 animo
1316 2081 1673 2145 capesserent

224 2147 438 2209 bellum
464 2192 480 2217 ‚
520 2147 800 2209 universas
827 2150 971 2209 vires
1004 2150 1057 2208 in
1086 2151 1449 2230 conspectum
1476 2144 1669 2216 dedit,

225 2234 287 2290 &
330 2229 685 2290 circumdato
732 2230 883 2291 vallo
911 2275 930 2300 ,
980 2231 1136 2311 quod
1184 2231 1384 2290 decem
1433 2227 1672 2288 millium

224 2332 569 2373 armatorum
627 2312 1047 2372 multitudinem
1112 2333 1340 2393 caperet
1385 2356 1401 2381 ,
1462 2309 1672 2369 Xerxis

224 2394 489 2475 exemplo
516 2417 811 2454 numerum
843 2399 1133 2476 copiarum
1168 2398 1308 2456 iniit.
1337 2395 1491 2454 Orto
1516 2391 1667 2460 sole,

226 2476 298 2539 ad
324 2479 544 2537 nostem
573 2479 788 2557 agmina
816 2521 833 2547 ‚
873 2483 1017 2538 sicut
1053 2478 1338 2558 descripta
1365 2494 1521 2536 erant
1541 2519 1557 2544 ,
1586 2476 1670 2531 in-

228 2579 449 2620 travere
491 2559 701 2620 vallum
750 2582 763 2620 :
821 2560 950 2620 inde
999 2579 1427 2642 occupaverunt
1472 2558 1670 2616 emissa
1742 2593 1747 2635 2

231 2641 665 2725 Mesopotamiae
702 2665 972 2726 campos:
1006 2645 1260 2728 equitum
1299 2641 1671 2725 peditumque
1742 2638 1747 2702 s
