1747 3063
237 76 497 127 LIVRE
534 74 650 124 III.
685 74 1141 125 CHAPITRE
1175 77 1296 128 III.
1400 96 1495 146 311

150 159 286 220 Erat
307 161 484 220 Dario
507 161 638 219 mite
662 181 724 218 ac
742 159 1028 220 t'raCtabile
1055 162 1340 242 ingenium
1357 209 1373 234 ,
1394 169 1497 228 nisi

65 242 214 303 suam
247 239 497 302 naturam
541 241 873 321 plerumque
907 241 1134 302 fortuna
1168 265 1500 326 corrumpe-

69 347 172 385 ret.
196 324 397 404 Itaque
422 368 438 394 ,
477 324 722 385 veritatis
747 327 1041 403 impatiens
1064 369 1080 395 ,
1127 326 1405 406 hospitem
1433 352 1498 389 ac

66 405 412 485 supplicem,
454 414 589 465 tunc
643 404 880 465 maxime
930 406 1086 468 utilia
1131 406 1454 469 suadentem
1480 452 1500 479 ‚

65 486 303 548 abstrahi
332 489 490 564 jussit
517 488 588 547 ad
628 487 864 566 capitale
891 487 1244 568 supplicium.
1286 489 1393 551 Ille
1428 512 1498 552 ne

37 591 41 595 ·
66 589 188 629 tum
214 569 440 650 quidem
464 568 738 630 libertatis
775 567 1023 633 oblitus:
1057 570 1214 627 habeo
1236 618 1254 638 ,
1279 574 1498 654 inquit,

60 669 307 734 paratum
346 653 526 706 mortis
561 663 673 706 meae
698 652 911 706 ultorem
935 674 953 705 .·
988 668 1178 733 expetet
1195 670 1373 734 poenas
1398 656 1504 711 mei

64 732 432 812 ‚consiliispreti
455 734 496 788 is
531 733 633 814 ipse
657 774 675 801 ,
713 749 887 787 contra
914 754 1063 810 quem
1097 732 1194 790 tibi
1215 739 1373 792 suasi.
1412 739 1498 796 Tu

65 812 276 894 quidem
308 815 518 869 licentia
554 815 696 893 regni
729 830 841 870 tam
863 812 1034 888 subitb
1086 832 1318 873 mutatus
1339 863 1356 887 ,
1397 816 1496 875 do-

67 913 362 954 cumentum
402 897 501 951 eris
518 895 758 977 posteris,
785 893 1012 952 homines
1030 941 1047 960 ,
1076 918 1194 952 cum
1215 898 1272 971 se
1297 902 1499 980 permi-

66 998 165 1036 sere
193 978 419 1051 fortunae
452 1019 470 1046 ‚
529 980 686 1032 etiam
729 993 976 1032 naturam
1028 976 1297 1035 dediscere.
1350 982 1497 1041 Haec

64 1057 469 1120 vociferantem
517 1059 723 1139 quibus
761 1077 879 1118 erat
911 1060 1244 1140 imperatum
1272 1104 1289 1130 ‚
1325 1066 1499 1143 jugu-

64 1139 199 1200 lant.
246 1141 381 1200 Sera
429 1139 632 1201 deiude
668 1141 998 1220 poenitentia
1037 1140 1205 1200 subiit
1236 1141 1495 1224 Regem,

63 1244 128 1281 ac
162 1244 292 1285 vera
326 1221 531 1287 dixisse
579 1222 867 1288 confessus
903 1266 922 1295 ‚
967 1245 1094 1285 eum
1131 1222 1350 1305 sepeliri
1381 1230 1502 1308 jus-

63 1323 154 1370 §lt-

153 1712 206 1774 C
227 1729 266 1771 A
281 1731 337 1773 P.
359 1709 498 1772 III.
516 1712 848 1794 Thymodes
884 1731 1001 1773 erat
1023 1710 1302 1775 Mentoris
1326 1712 1492 1787 filius,

59 1792 297 1877 'impiger
332 1798 585 1876 juveni83
625 1799 717 1856 cui
749 1816 1090 1875 praeceptum
1120 1796 1195 1855 est
1222 1820 1251 1856 a
1287 1797 1445 1877 Rege
1473 1842 1492 1868 ‚

65 1900 127 1937 ut
153 1899 344 1938 omnes
371 1881 693 1960 peregrinos
719 1880 921 1937 milites
953 1881 1007 1936 in
1041 1877 1165 1957 quis
1190 1877 1492 1957 plurimum

64 1958 305 2022 habebat
340 1960 487 2042 spei,
516 1984 545 2019 a
582 1960 936 2019 Pharnabaso
970 1962 1286 2039 acciperet3
1326 1983 1495 2040 opera

62 2044 257 2103 Eorum
283 2064 478 2101 usurus
504 2044 557 2100 in
581 2041 735 2102 bello
762 2063 774 2099 ε
805 2044 921 2121 ipse
945 2042 1298 2100 Pharnabaso
1325 2041 1497 2102 tradit

63 2123 357 2202 imperium
381 2168 397 2193 ,
433 2125 588 2203 quod
617 2144 743 2184 ante
768 2124 1060 2182 Memnoni
1087 2123 1337 2183 dederat.
1363 2123 1495 2182 An-

63 2206 216 2263 xium
263 2205 333 2265 de
380 2206 711 2266 instantibus
758 2207 904 2264 curis
936 2248 951 2273 ‚
999 2206 1288 2286 agitabant
1327 2208 1492 2265 etiam

57 2306 158 2364 -per
181 2285 453 2347 somnium
474 2290 683 2368 species
706 2290 1109 2347 imminentium
1132 2310 1316 2351 rerum
1333 2333 1347 2356 ,
1375 2293 1492 2350 sive

36 2367 178 2427 ‘illas
223 2370 500 2450 aegritudo
533 2415 551 2441 ‚
603 2372 719 2430 sive
765 2370 1035 2429 divinatio
1078 2372 1241 2430 animi
1283 2392 1490 2449 praesa-

0 2521 2 2527 *
63 2453 260 2530 gientis
303 2461 557 2513 accersit.
599 2452 791 2511 Castra
827 2453 1140 2513 Alexandri
1174 2475 1378 2532 magno
1403 2455 1492 2532 ig-

0 2530 2 2537 ’
58 2533 142 2590 -nis
187 2531 408 2613 fulgore
449 2535 731 2594 collucere
774 2536 821 2593 ei
865 2537 981 2594 visa
1016 2534 1178 2594 sunt:
1217 2539 1274 2594 &
1319 2536 1487 2613 paulo

0 2607 2 2650 ³
62 2613 183 2691 post
208 2616 537 2678 Alexander
572 2616 777 2678 adduci
812 2616 881 2676 ad
912 2620 1092 2699 ipsum
1127 2620 1178 2675 in
1220 2639 1288 2676 eo
1323 2615 1486 2676 vestis

59 2694 254 2760 habitu
274 2741 292 2770 ‚
315 2720 429 2781 quo
454 2701 570 2784 ipse
596 2697 822 2762 fuisset:
856 2722 1005 2786 equo
1033 2698 1235 2766 deinde
1257 2720 1355 2781 per
1377 2699 1486 2761 Ba-
