1747 3063
132 85 404 141 'LIVRE
440 87 566 137 III.
609 81 1076 136 CHAPITRE
1115 87 1250 137 VIII.
1328 101 1420 151 343

26 177 28 180 ’
64 166 328 233 lexander
353 170 422 246 ad
444 169 631 231 fauces
654 213 671 239 ‚
707 171 908 250 quibus
933 170 1094 250 Syria
1117 168 1301 228 aditur
1319 212 1336 238 ,
1364 173 1433 228 ὃς

26 255 208 315 Darius
230 252 299 312 ad
324 275 451 311 eum
477 252 668 311 locum
689 295 704 320 ,
743 273 910 331 quem
935 251 1238 310 Amanicas
1259 249 1424 332 Pylas

27 354 207 396 rocant
230 377 246 403 ,
305 336 578 414 pervenit.
640 334 765 392 Nec
819 333 1147 404 dubitavere
1193 332 1376 391 Persae
1404 377 1422 403 ‚

27 418 131 498 [uin
153 414 276 474 Isso
308 415 492 475 relicia
512 459 525 484 ,
555 437 719 495 quam
747 434 1011 493 ceperant
1032 458 1048 483 ,
1077 413 1426 474 Macedones

25 516 276 579 ugerant.
309 499 458 557 Nam
487 499 651 557 etiam
687 495 853 555 saucii
878 496 1102 576 quidam
1130 501 1186 557 &
1218 497 1425 557 invali-

24 579 57 640 li
75 623 93 649 ,
133 581 231 659 qui
275 602 472 660 agmen
516 600 629 639 non
672 597 933 657 poterant
983 577 1235 659 persequi
1259 621 1277 647 ,
1323 600 1425 640 ex-

22 662 148 741 :epti
179 682 356 720 erant.
394 662 556 734 Quos
597 681 790 719 omnes
817 702 833 727 ‚
871 657 1126 720 instinc‘tu
1150 675 1434 740 purpura-‘

25 764 182 805 orum
205 786 222 811 ,
249 742 494 802 Barbara
521 741 737 801 feritate
759 740 1102 801 saevientium
1125 785 1143 811 ,
1178 743 1426 821 praecisis

21 823 320 904 ⁴,dudlisque
375 823 627 884 manibus
674 822 1021 882 circumduci
1059 866 1076 892 ‚
1132 843 1194 881 ut
1234 825 1427 903 copias

21 905 114 965 'uas
162 925 459 965 noscerent
492 950 506 975 ,
549 905 788 984 satisque
826 904 1086 963 omnibus
1128 903 1423 983 spectati8‚

20 988 257 1048 nunciare
285 1009 408 1067 quae
433 988 702 1047 vidissent
728 986 873 1064 Regi
896 983 993 1045 suo
1028 988 1206 1063 jussit.
1248 987 1426 1045 Motis

16 1069 129 1148 ergo
156 1067 340 1128 castris
362 1112 376 1136 ,
406 1069 627 1148 superat
653 1070 911 1128 Pinarum
939 1090 1156 1128 amnem
1180 1111 1197 1137 ,
1231 1070 1286 1128 in
1314 1088 1426 1126 ter-

17 1155 111 1230 gis,
135 1153 201 1209 ut*
222 1149 491 1210 credebat
513 1195 528 1219 ,
557 1149 886 1229 fugientium
911 1151 1179 1210 haesuruVS.
1205 1151 1290 1212 At
1311 1149 1424 1217 illi,

12 1290 17 1304 Ἰ,
38 1254 237 1291 uorum
264 1251 648 1312 amputaverat
675 1253 867 1290 manus
888 1274 904 1300 ,
933 1230 1003 1292 ad
1029 1231 1198 1291 castra
1225 1231 1425 1291 Mace-

12 1253 205 1373 *ionum
225 1334 552 1393 penetrant,
577 1313 815 1372 Darium
841 1335 1008 1393 quam
1036 1315 1277 1376 maximo
1303 1332 1430 1374 cur-

7 1414 59 1456 tu
90 1415 282 1476 posset
301 1440 319 1467 ,
348 1397 506 1478 sequi
534 1396 881 1457 nunciantes·

71 1632 188 1699 Vix
218 1634 358 1699 fides
387 1634 701 1698 habebatur
720 1636 947 1719 :itaque
966 1636 1343 1720 speculatores
1370 1633 1427 1696 in

0 1721 289 1782 maritimas
316 1726 573 1801 regiones
594 1722 907 1800 praemissos
928 1724 1220 1802 explorare
1241 1720 1425 1798 jubet,

4 1825 112 1884 ipse
139 1825 207 1863 ne
243 1802 460 1863 adesset
486 1846 503 1873 ,
543 1813 609 1862 ari
652 1803 1041 1882 praefectorum
1082 1803 1278 1884 aliquis
1301 1799 1429 1880 spe‘

3 1887 135 1945 ciem
172 1887 501 1965 praebuisset
530 1886 775 1945 universi
813 1887 1090 1946 venientis
1124 1883 1424 1945 exerciti‘iS.

0 1966 105 2030 Sed
132 1989 304 2047 quum
327 1966 705 2049 speculatores
732 1987 1148 2027 reverterentur
1169 2010 1187 2036 ,
1221 1964 1427 2045 procul

0 2069 184 2129 ingens
207 2049 514 2108 multitudo
541 2051 837 2129 conspecta
864 2048 941 2108 est
965 2093 983 2120 ,
1025 2051 1181 2130 ignes
1221 2046 1427 2109 deinde

0 2133 124 2191 totis
168 2137 381 2210 campis
427 2128 711 2191 collucere
748 2151 1081 2212 coeperunt,
1130 2130 1430 2209 omniaque

0 2213 150 2274 velut
188 2215 502 2273 continenti
538 2211 798 2272 incendio
843 2213 1035 2274 ardere
1059 2213 1211 2281 visa,
1250 2233 1427 2292 quum

0 2294 274 2368 inc-ondita
306 2295 613 2355 multitudo
635 2338 650 2362 ‚
689 2295 925 2355 maxime
949 2314 1182 2375 propter
1204 2297 1426 2375 jumen-

0 2394 49 2437 ta
83 2376 255 2436 laxius
285 2375 563 2437 tenderet.
589 2375 792 2456 Itaque
816 2400 884 2437 eo
916 2382 1040 2457 ipso
1071 2376 1203 2436 loco
1229 2376 1427 2435 metari

0 2454 114 2517 suos
137 2458 305 2518 castra
330 2462 569 2538 jusserat
591 2502 606 2527 ,
644 2459 806 2518 laetus
841 2459 997 2540 quod
1023 2463 1175 2519 omni
1197 2464 1425 2536 expeti-

0 2559 149 2601 verat
196 2561 337 2600 voto
363 2583 384 2610 ,
417 2541 472 2597 in
513 2539 620 2599 illis
655 2541 999 2621 potissimum
1035 2538 1294 2620 angustiis
1327 2538 1424 2597 de-

0 2621 334 2685 cernendum
359 2643 494 2681 esse.
523 2621 794 2682 Ceterum
815 2667 832 2692 ,
860 2644 922 2683 ut
945 2623 1085 2684 solet
1104 2622 1224 2681 fieri
1247 2642 1423 2700 quum

0 2700 174 2766 ultimi
206 2703 534 2766 discriminis
561 2723 782 2785 tempus
809 2704 1077 2769 adventat
1098 2748 1116 2775 ,
1154 2705 1210 2761 in
1242 2702 1422 2762 solici—

1153 2802 1187 2850 P
1209 2801 1259 2851 iv
