1747 3063
1003 35 1022 45 ,
1421 26 1424 30 -
1683 0 1708 38 43

206 75 305 149 328
493 70 1412 146 QUINTE-CUR6E3

200 170 359 228 tione
391 162 658 224 Acarnan
681 207 699 233 ,
732 160 883 221 fidus
908 162 1216 224 admodum
1250 162 1432 245 Regi:
1466 176 1656 244 puer&
1695 172 1699 209 l

200 269 395 312 comes
425 250 486 307 &
519 244 704 306 custos
727 242 915 305 salutis
947 246 1111 306 datus
1130 290 1148 316 ,
1184 268 1299 306 non
1331 266 1396 306 ut
1426 245 1646 327 Regem

201 329 418 399 modo,
454 328 551 390 sed
595 329 765 388 etiam
800 348 864 386 ut
902 328 1192 389 alumnum
1215 374 1231 400 ,
1269 325 1470 389 eximia
1506 329 1647 388 cari·
1708 395 1711 399 Δ

200 433 331 475 tate.
367 409 662 492 diligebat.
710 410 769 470 Is
809 431 926 471 non
967 434 1219 493 praeceps
1251 410 1342 481 se,
1379 409 1475 473 sed
1508 409 1648 469 stre-

201 519 380 557 nuum
441 492 753 556 remedium
817 492 1015 556 afferre
1058 539 1076 566 ,
1141 514 1475 576 tantamque
1533 493 1650 555 vim

204 577 394 639 morbi
427 578 664 657 potione
698 575 977 639 medicata
1011 577 1331 640 levaturum
1363 575 1480 637 esse
1515 597 1651 658 pro·
1698 577 1711 655 J

200 662 372 723 misit.
415 661 578 722 Nulli
623 661 960 741 promissum
1004 665 1123 742 ejus
1174 658 1472 740 placebat,
1505 679 1652 739 prae-
1695 658 1697 661 ’

201 764 292 805 ter
316 745 499 824 ipsum
526 786 542 813 ,
581 746 742 824 cujus
784 743 1038 822 periculo
1064 742 1461 824 pollicebatur.
1505 741 1656 800 Om-

205 832 298 889 nia
359 832 576 908 quippe
632 824 888 896 faciliuS,
946 849 1112 908 quam
1164 848 1379 886 moram
1435 823 1658 904 perpeti

207 928 438 992 poterat
478 931 492 969 ε
535 931 687 970 arma
732 913 791 969 δε
844 910 991 969 acies
1038 911 1094 968 in
1137 909 1317 970 oculis
1356 926 1554 974 erant,
1593 909 1656 965 &

209 994 505 1055 victoriam
564 992 618 1050 in
676 1013 745 1051 eo
790 993 1032 1072 positam
1076 1013 1196 1052 esse
1239 988 1659 1059 arbitrabatur,

210 1077 258 1135 si
299 1095 521 1137 tantum
563 1094 692 1134 ante
736 1074 891 1154 signa
934 1073 1071 1134 stare
1105 1076 1423 1156 potuisset:
1465 1070 1522 1130 id
1565 1071 1660 1151 ip-

211 1156 330 1217 sum
367 1201 384 1228 ‚
429 1155 588 1237 quod
644 1155 765 1237 post
810 1156 959 1217 diem
1009 1158 1242 1217 tertium
1276 1153 1661 1215 medicamen-

215 1262 341 1301 tum
406 1238 728 1319 sumpturus
796 1260 942 1299 esset
999 1242 1024 1316 (
1082 1241 1158 1300 ita
1208 1240 1355 1299 enim
1412 1235 1669 1296 medicus

219 1322 561 1406 praedixerat
598 1326 623 1398 )
675 1343 822 1402 aegre
864 1320 1068 1382 ferens.
1104 1322 1264 1383 Inter
1307 1320 1427 1380 haec
1467 1343 1494 1379 a
1533 1320 1672 1378 Par-

218 1408 482 1467 menione
504 1449 520 1474 ‚
556 1403 827 1465 fidissimo
861 1427 1335 1486 purpuratorum,
1358 1403 1547 1475 literas
1573 1424 1668 1461 ac-

224 1490 362 1570 cipit
394 1532 412 1558 ,
463 1488 670 1567 quibus
720 1490 770 1548 ei
823 1488 1200 1548 denunciabat
1244 1531 1262 1556 ,
1324 1508 1394 1546 ne
1434 1484 1674 1544 salutem

222 1571 376 1632 suam
423 1571 685 1650 Philippo
729 1574 1151 1632 committeret:
1201 1568 1355 1628 mille
1390 1567 1614 1628 talentis
1639 1589 1672 1627 a

225 1654 408 1715 Dario
431 1698 447 1723 ,
476 1656 535 1713 &
560 1653 653 1734 spe
680 1656 1000 1735 nuptiarum
1024 1654 1227 1715 sororis
1259 1656 1376 1734 ejus
1402 1673 1516 1712 esse
1543 1671 1675 1711 cor-

225 1757 480 1819 ruptum.

317 1819 622 1900 Ingentem
672 1822 859 1878 animo
905 1815 1318 1879 solicitudinem
1359 1816 1538 1876 literae
1578 1814 1670 1873 in-

231 1923 556 1971 cusserant,
594 1905 653 1961 &
703 1900 981 1983 quidquid
1018 1906 1074 1961 in
1113 1921 1409 1979 utramque
1453 1912 1674 1981 partem

232 2006 330 2045 aut
363 2006 546 2046 metus
567 2028 584 2053 ,
624 2005 720 2044 aut
744 1983 865 2063 spes
896 1982 1208 2062 subjecerat
1230 2029 1248 2055 ,
1288 1982 1498 2041 secreta
1539 1977 1678 2038 aesti-

234 2071 482 2129 matione
519 2067 810 2149 pensabat.
851 2066 1032 2125 Bibere
1056 2086 1378 2149 perseverem
1415 2071 1441 2120 f
1478 2068 1590 2129 Ut,
1634 2060 1683 2116 si

235 2172 498 2207 venenum
541 2150 728 2207 datum
750 2152 923 2226 fuerit
944 2193 962 2219 ,
1003 2171 1063 2205 ne
1114 2150 1372 2204 immerito
1418 2143 1629 2225 quidem
1657 2184 1681 2212 ,,

237 2231 504 2312 quidquid
549 2231 804 2289 acciderit
827 2275 845 2301 ,
890 2234 1112 2288 evenisse
1146 2230 1449 2286 videatur?
1491 2231 1680 2283 Dam-

240 2337 357 2371 nem
396 2312 769 2390 medicifidem
795 2320 820 2368 ,Ρ
858 2322 925 2370 In
958 2312 1297 2369 tabernaculo
1333 2334 1447 2393 ergo
1476 2331 1556 2364 me
1590 2325 1678 2389 op·

234 2400 407 2480 primi
433 2401 619 2480 patiar
641 2403 668 2452 ,Ρ
705 2399 782 2451 At
805 2396 974 2471 satius
1009 2394 1069 2467 ‘st
1102 2398 1270 2451 alieno
1309 2416 1388 2449 me
1423 2392 1560 2448 mori
1570 2392 1686 2467 sce*

240 2481 339 2536 lere
368 2526 384 2546 ,
426 2503 588 2560 qnam
640 2496 777 2534 metu
824 2501 950 2534 meo.
985 2477 1103 2537 Diu
1143 2480 1328 2538 animo
1367 2481 1423 2536 in
1467 2472 1688 2532 diversa

244 2585 506 2634 versato,
554 2561 728 2631 nulli,
772 2559 909 2642 quid
954 2559 1222 2641 scriptum
1262 2579 1404 2618 esset
1439 2601 1455 2626 ,
1505 2571 1717 2615 enund*

246 2648 396 2707 ciat:
441 2645 865 2727 epistolamque,
905 2644 1087 2725 sigillo
1127 2641 1316 2702 annuli
1352 2640 1432 2697 sui
1462 2632 1688 2717 impres-

243 2726 357 2792 sam
382 2775 399 2801 ,
435 2731 670 2813 pulvino
701 2772 718 2799 ,
757 2729 850 2785 cui
873 2727 1278 2796 incumbebat,
1311 2717 1696 2804 subjeciuln-
