1747 3063
275 108 377 155 224
518 82 1467 145 ''SUPPLEMEN'TS
1663 0 1718 170 ἓ

272 201 404 237 cum
433 182 684 259 quinque
711 179 966 259 peditum
998 179 1244 238 millibus
1265 222 1294 250 ‚-
1318 169 1643 261 equitibusq
1666 188 1689 245 ᾗ
1715 176 1717 187 '

272 261 533 320 ducentis
575 263 844 341 irejusso
870 305 886 330 ‚
927 261 1271 320 Alcimalum
1321 285 1450 322 cum
1489 264 1717 342 parib

270 342 389 402 fere
416 344 592 422 copiis
620 348 833 402 circum
858 342 1112 402 AEolicas
1143 341 1483 423 Ionicasque
1510 328 1717 423 Persic}

242 476 245 479 .
273 427 410 506 juris
446 424 613 483 urbes
640 428 816 485 mittit
841 447 876 484 :-
894 427 1118 506 utrique
1146 427 1455 506 injuncium
1482 446 1545 484 ut
1571 422 1717 510 abo}

271 509 379 566 lito
421 528 733 587 paucorum
769 508 1059 568 dominatu
1082 552 1099 578 ,
1136 512 1466 588 popularem
1506 506 1719 588 ubiqu}

272 588 477 648 Pratum
512 589 942 652 introducerent
981 612 994 649 ε
1047 593 1253 672 quippe
1299 589 1721 662 multitudinem

273 672 383 729 suis
426 671 593 731 rebus
635 671 853 734 studere
903 671 1256 755 compererat
1299 718 1316 744 ,
1366 674 1556 753 obque
1595 671 1716 743 ean}

275 766 396 813 rem
419 774 692 837 tyrannos
719 782 747 817 a
781 755 1043 817 Barbaris
1074 761 1369 836 impositos
1390 798 1408 826 ‚
1441 776 1541 836 per
1579 760 1721 839 quo}

280 856 664 898 coerceretur.
1691 845 1704 857 ''

1701 887 1714 922 Γ.

1691 924 1708 959 ἢ(

363 1084 473 1143 Per
513 1105 609 1143 eos
651 1084 767 1144 dies
807 1128 824 1153 ,
881 1083 1016 1143 dum
1068 1083 1280 1164 Ephesi
1335 1091 1721 1161 commoratur

277 1165 652 1235 [Alexanden
696 1185 758 1226 ut
798 1188 867 1226 ex
903 1165 1235 1227 instantibus
1264 1168 1411 1226 curis
1449 1158 1722 1228 recreare't

281 1251 527 1309 animum
549 1293 565 1318 ,
592 1246 916 1329 frequenter
941 1250 993 1306 in
1028 1248 1306 1308 officinam
1334 1248 1558 1330 Apellis
1582 1264 1721 1310 vetr—

283 1336 506 1400 titavit,
547 1354 574 1390 a
601 1351 716 1411 quo
745 1354 859 1390 uno
892 1331 1130 1412 effigiem
1154 1330 1306 1391 suam
1340 1330 1607 1412 penicillo
1634 1334 1720 1393 ex'-

280 1415 451 1495 primi
492 1414 766 1473 volebat:
804 1434 965 1473 tanto
1011 1412 1210 1475 favore·
1250 1412 1582 1494 complexus
1608 1457 1624 1483 ,
1691 1423 1701 1481 f

280 1496 694 1558 dilectissimam
735 1495 1000 1576 pellicum
1027 1540 1043 1566 ,
1085 1518 1274 1557 amore
1313 1499 1442 1575 ejus
1474 1495 1706 1574 deperi

279 1578 521 1640 sentiens
548 1578 821 1639 artificem
841 1623 854 1648 ,
881 1579 1036 1638 dono
1071 1579 1310 1638 dederit.
1337 1576 1596 1637 Pancasta
1622 1602 1655 1641 v

281 1664 551 1730 cabatur‚
581 1683 650 1722 ex
677 1662 894 1721 Larissa
923 1663 1099 1721 nobili
1124 1661 1428 1721 Thessaliae
1461 1659 1599 1720 urbe
1625 1682 1722 1743 ge*

282 1768 390 1806 nus
424 1743 639 1804 ducens
663 1788 677 1812 ‚
721 1746 1056 1824 armabatque
1085 1768 1205 1804 eam
1230 1743 1354 1802 Rex
1395 1742 1612 1803 ardenti
1640 1739 1716 1803 af·

282 1827 434 1887 {edlu
456 1871 469 1895 ,
503 1828 577 1886 ob
605 1826 799 1885 fornice
828 1827 1303 1908 pulchritudinem
1329 1869 1342 1893 ,
1372 1829 1429 1884 &
1461 1831 1724 1906 quoniam

282 1910 635 1972 adolescenti
667 1910 839 1988 prima
866 1911 1160 1969 mulierum
1195 1907 1264 1967 ad
1295 1906 1584 1968 libidinem
1613 1907 1717 1989 pla-

283 2013 497 2055 cuerat.
549 1993 683 2050 Hoc
739 2011 801 2050 ut
846 1993 1359 2072 magnanimitatem
1411 1989 1718 2050 Alexandri

281 2098 399 2135 non
434 2074 676 2134 dedecet
698 2117 712 2141 ,
750 2076 826 2132 ita
862 2096 975 2134 non
1010 2073 1343 2133 crediderim
1370 2115 1384 2140 ,
1425 2073 1476 2129 in
1507 2071 1725 2134 officina

281 2160 541 2238 imperite
581 2155 753 2215 multa
790 2156 1153 2216 disserentem
1177 2200 1190 2224 ‚
1228 2155 1297 2214 ab
1337 2154 1545 2233 Apelle
1586 2177 1719 2215 mor·

284 2242 414 2302 daci
445 2240 677 2300 dicierio
722 2261 1032 2318 repressum
1070 2237 1271 2297 fuisse:
1309 2259 1434 2295 nam
1462 2236 1518 2294 id
1552 2257 1724 2317 neque

285 2323 558 2404 majestati
589 2323 730 2381 tanti
769 2324 952 2402 regis,
995 2342 1177 2401 neque
1220 2316 1501 2378 modestiae
1549 2321 1720 2399 picio-

288 2409 363 2467 ris
389 2451 403 2476 ,
437 2406 677 2465 hominis
705 2426 816 2462 non
845 2403 1047 2484 stupidi
1087 2425 1189 2461 nec
1227 2400 1438 2461 indocti
1463 2445 1475 2468 ‚
1522 2422 1720 2461 conve-

284 2492 460 2548 nisset
486 2510 497 2546 :
537 2491 595 2546 δέ
619 2486 950 2546 Alexander
977 2485 1300 2545 liberalibus
1321 2481 1508 2543 studiis
1536 2483 1605 2542 ab
1629 2505 1720 2544 ex-

290 2592 467 2630 trema
507 2589 670 2627 aetate
715 2570 962 2627 imbutus
991 2611 1006 2636 ,
1043 2569 1208 2626 etiam
1244 2566 1312 2624 de
1341 2565 1553 2624 artibus
1598 2585 1721 2646 quas

285 2675 406 2714 non
433 2651 662 2713 calleret
686 2694 702 2722 ,
738 2650 886 2712 haud
915 2657 1102 2731 inepte
1129 2648 1375 2729 judicare
1400 2646 1693 2708 didicerat.
