1747 3063
259 74 363 137 456
473 71 1463 142 'QUINTE-CURCE,·

266 160 424 222 fuere
455 158 712 228 Sidonii,
735 161 832 240 qui
864 164 1010 220 intra
1038 160 1425 222 Macedonum
1447 161 1703 242 praesidia

267 265 447 305 erant.
471 245 554 305 Hi
579 242 779 301 urbem
814 242 1042 322 quidem
1079 245 1226 304 inter
1249 247 1490 306 victores
1525 239 1702 312 intrassss

267 347 464 389 verant
489 367 508 396 ,
541 323 636 384 sed
662 325 1022 406 cognationis
1046 348 1179 386 cum
1199 325 1391 409 Tyriis
1427 323 1702 408 memorefs‘¹

269 415 530 491 (quippe
554 426 854 489 utramque
891 408 1093 468 urbem
1129 408 1462 489 Agenorem
1501 406 1705 514 condi}

269 493 417 552 disse
465 489 774 550 credebant
814 494 840 567 )
886 489 1100 551 multos
1135 491 1446 573 Tyriorum
1472 490 1497 562 ⁷,
1535 495 1709 565 etiarm?

266 594 635 656 protegentes
657 617 674 642 ,
701 573 774 633 ad
801 571 893 633 sua
918 573 1235 653 perduxere
1267 576 1486 656 navigia
1516 597 1530 635 ε
1572 570 1709 658 quit-3

269 662 374 717 bus
404 658 708 718 occultatis
727 701 743 725 ,
781 656 995 716 Sidona
1022 656 1243 718 devecti
1275 655 1421 717 sunt.
1449 658 1709 735 Quindessj

271 748 384 801 cim
425 739 596 799 millia
637 740 749 798 hoc
794 736 950 798 furto
993 738 1268 800 subducta
1301 737 1524 802 saevitiae
1559 739 1707 803 sunt.

272 826 683 903 Quantumque
723 820 1000 903 sanguinis
1034 820 1219 882 fusum
1247 823 1316 881 sit
1335 866 1352 892 ,
1378 825 1472 885 vel
1502 846 1572 884 ex
1595 824 1707 891 hoc

272 904 571 966 existimari
597 903 779 986 potest
798 948 815 974 ,
843 905 1004 985 quod
1028 906 1169 964 intra
1186 909 1532 965 munimenta
1554 901 1713 972 urbis·

267 989 364 1050 sex
403 987 576 1047 millia
625 1009 966 1049 armatorum
1009 987 1287 1046 trucidata
1330 986 1475 1046 sunt.
1524 986 1715 1067 Triste]¹

270 1072 476 1132 deinde
501 1069 877 1152 spectaculum
904 1071 1213 1131 victori-bus
1237 1071 1314 1129 ira
1340 1071 1584 1150 praebuit
1616 1092 1705 1131 re-

268 1158 377 1237 gis.
412 1152 550 1212 Duo
582 1153 788 1222 millia,
823 1155 878 1211 in
912 1153 1118 1234 quibus
1160 1152 1461 1213 occidendi
1487 1149 1708 1214 defece&

270 1258 357 1298 tat
398 1235 616 1304 rabieS‚
669 1237 932 1296 crucibus
977 1234 1124 1295 affixi
1161 1258 1261 1314 per
1304 1237 1499 1315 ingens
1530 1235 1708 1298 litoris

268 1321 509 1400 spatium
541 1318 957 1400 pependerunt.
1000 1317 1529 1398 Carthaginensium
1558 1318 1709 1399 lega·-

269 1407 342 1464 tis
368 1403 662 1482 pepercit3
689 1401 879 1462 addita
907 1400 1334 1461 denuntiatione
1360 1401 1522 1468 bell-i,
1552 1399 1708 1482 quod

270 1505 632 1568 praesentium
658 1506 842 1543 rerum
867 1503 1169 1544 necessuas
1193 1503 1529 1542 moraretur.

354 1569 545 1649 Tyrus
588 1565 827 1648 septimo
870 1589 1059 1627 mense
1100 1611 1117 1636 ,
1171 1586 1339 1646 quam
1390 1567 1705 1647 oppugnari

261 1673 463 1732 coepta
489 1668 607 1710 erat
628 1696 642 1721 ,
676 1670 839 1729 capta
870 1648 946 1709 est
975 1674 995 1724 3
1032 1650 1166 1709 urbs
1198 1652 1255 1709 &
1286 1648 1559 1709 vetustate
1600 1649 1708 1711 ori-

270 1737 416 1816 ginis
440 1778 455 1801 ,
498 1737 555 1793 &
597 1733 791 1792 crebra
830 1731 1069 1791 fortunae
1096 1734 1366 1792 varietate
1393 1732 1463 1791 ad
1496 1752 1708 1790 memo·

267 1824 411 1879 riam
438 1814 775 1896 posteritatis
805 1816 1052 1895 insignis
1087 1813 1340 1874 Condita
1377 1813 1446 1873 ab
1470 1815 1708 1894 Ageno-

270 1923 332 1960 re
349 1944 366 1970 ,
397 1899 493 1958 diu
518 1920 667 1958 mare
690 1942 706 1968 ,
744 1920 858 1957 non
885 1899 1134 1959 vicinum
1159 1895 1333 1956 modo
1352 1940 1367 1965 ,
1401 1895 1494 1955 sed
1523 1894 1707 1976 quod—

269 2004 520 2062 cumque
546 1981 746 2041 classes
778 1983 897 2057 ejus
924 1980 1183 2043 adierunt
1202 2024 1220 2049 ‚
1250 1981 1478 2039 ditionis
1500 1977 1608 2037 suae
1628 1977 1708 2040 fe-

270 2067 370 2125 cit.
401 2065 477 2123 Et
498 2110 514 2135 ,
552 2070 596 2125 si
619 2062 778 2123 famae
804 2063 943 2123 libet
973 2061 1237 2130 credere,
1266 2062 1385 2121 haec
1416 2083 1554 2142 gens
1585 2061 1708 2122 lite—

267 2171 357 2208 ras
395 2153 572 2227 prima
613 2166 708 2207 aut
750 2147 947 2207 docuit
973 2191 989 2217 ,
1040 2165 1139 2206 aut
1185 2144 1400 2206 didicit.
1446 2145 1704 2204 Coloniae

269 2252 423 2290 certe
450 2234 566 2306 ejus
601 2250 744 2309 pene
781 2229 918 2288 orbe
952 2249 1080 2288 toto
1112 2226 1328 2286 diffusae
1362 2225 1521 2285 sunt:
1561 2227 1705 2286 Car-

266 2314 443 2392 thago
474 2315 529 2370 in
568 2311 767 2370 Africa
795 2356 810 2381 ,
850 2313 902 2369 in
947 2312 1174 2371 Boeotia
1216 2308 1434 2369 Thebae
1459 2353 1476 2378 ,
1515 2308 1704 2373 Gades

264 2394 340 2455 ad
374 2396 696 2455 Oceanum.
736 2393 931 2453 Credo
967 2393 1149 2454 libero
1176 2411 1556 2451 commeantes
1582 2414 1703 2452 ma·-

266 2480 351 2547 ri,
386 2477 696 2558 saepiusque
724 2475 985 2537 adeundo
1012 2476 1212 2537 ceteris
1242 2475 1557 2555 incognitas
1583 2496 1702 2535 ter-

265 2583 353 2619 ras
377 2605 391 2630 ,
433 2561 663 2640 elegisse
686 2558 842 2619 sedes
874 2559 1157 2640 juventuti
1183 2602 1196 2627 ‚
1227 2580 1335 2638 qua
1361 2577 1497 2616 tunc
1521 2557 1700 2617 abun-

267 2642 479 2703 dabant
503 2665 515 2701 :
551 2642 642 2702 seu
671 2644 799 2723 quia
825 2643 1035 2702 crebris
1059 2642 1311 2701 motibus
1337 2659 1496 2699 terrae
1522 2679 1536 2704 ,
1577 2661 1700 2699 nam

265 2727 377 2787 hoc
414 2748 644 2811 quoque
679 2723 922 2788 traditur
951 2769 971 2799 ,
1010 2725 1258 2786 cultores
1295 2725 1412 2804 ejus
1443 2719 1658 2802 fatigati
1684 2763 1706 2803 ἓ

1736 2618 1743 2652 ¹1
