1747 3063
204 86 330 135 DE
385 79 1173 136 FREINSHEMIUS.
1320 105 1414 154 291

61 156 394 229 Alexander
425 168 480 226 in
509 167 635 246 ipso
663 165 816 227 aditu
844 166 1017 229 castra
1048 169 1184 252 poni
1212 171 1375 251 jubet
1396 219 1417 247 ,

11 271 137 313 'atus
161 292 176 319 ,
207 248 362 329 quod
385 251 573 311 evenit
594 291 611 318 ,
654 247 1060 311 Telmissenses
1103 251 1289 314 castris
1331 254 1417 314 lo-

11 334 121 394 :atis
144 329 455 411 periculum
488 329 699 391 differri
723 331 1017 393 credentes
1038 354 1151 392 non
1177 334 1272 395 diu
1297 336 1417 396 hae-

13 413 137 480 'uros
175 414 230 470 in
267 410 525 493 angustiis
551 457 571 483 ‚
613 411 708 473 sed
733 413 960 475 modico
995 416 1048 473 in
1081 415 1186 476 illis
1224 415 1417 481 relicto

11 493 243 556 vraesidio
289 514 510 555 ceteros
559 498 615 556 in
669 496 867 554 urbem
917 518 1235 559 recessuros
1273 521 1417 564 esse.

15 577 169 659 'gitur
191 578 485 636 occasione
511 575 662 635 haud
697 575 938 656 segniter
963 600 1093 638 usus
1113 622 1128 648 ,
1157 584 1418 659 protinus

15 659 292 740 'gittarios
335 662 395 717 &
433 655 747 718 funditores
772 700 788 726 ,
832 658 1104 740 quodque
1148 683 1218 720 ex
1259 670 1418 743 gravi

18 758 258 816 rmatura
285 740 521 798 maxime
548 739 874 820 expeditum
902 761 1056 812 erat,
1083 741 1331 815 inducit,
1357 751 1419 808 δε

24 819 241 889 raesidio
282 821 665 882 Barbarorum
706 821 1049 893 deturbato,
1077 843 1214 884 ante.
1241 828 1418 906 ipsam

24 903 179 968 rbem
204 902 375 965 castra
402 903 669 963 collocat.
703 902 795 963 Ibi
820 903 1036 984 legatos
1062 906 1416 984 Selgensium
1449 944 1452 945 ⁷

36 984 187 1054 diit,
208 988 308 1067 qui
332 985 408 1044 ob
433 985 675 1046 vetustas
703 1008 832 1044 cum
859 988 1051 1046 vicinis
1071 987 1421 1049 Telmissen-

29 1066 129 1127 bus
161 1067 469 1127 simultates
495 1106 513 1135 2
535 1089 872 1148 quamquam
899 1070 1145 1147 ejusdem
1178 1073 1419 1132 nationis

43 1167 200 1218 sent,
236 1150 534 1209 amicitiam
569 1172 633 1209 ac
669 1149 870 1209 auxilia
897 1150 1209 1212 offerebant
1247 1152 1416 1235 Regi.

21 1231 208 1304 2uibus
242 1231 588 1312 perbenigne
617 1232 903 1311 exceptiS‚
939 1255 1006 1292 ne
1032 1235 1087 1292 in
1117 1235 1417 1296 obsidione

26 1313 142 1371 nius
167 1313 317 1372 urbis
342 1333 564 1393 tempus
589 1332 797 1372 tereret
816 1357 832 1382 ,
867 1314 1217 1392 Sagalassum
1243 1315 1416 1380 castra

16 1395 158 1456 -rovit
188 1438 206 1464 ,
244 1393 485 1457 validam
525 1393 719 1454 urbem
762 1399 818 1454 δε
856 1397 1165 1475 juventutis
1203 1400 1414 1460 robore

14 1523 16 1525 -
51 1495 254 1536 matam
291 1498 303 1534 τ
350 1499 524 1557 quum
565 1478 712 1535 enim
769 1499 961 1537 omnes
1001 1478 1199 1538 Pisidae
1247 1480 1413 1542 belli-

21 1563 95 1618 osi
117 1563 227 1618 sint
240 1601 257 1628 ‚
285 1559 696 1639 Sagalassenseis
733 1580 845 1638 prae
889 1563 1087 1619 ceteris
1125 1583 1412 1642 pugnaces

16 1637 273 1699 abentur.
307 1639 358 1698 Ii
378 1689 395 1710 ,
424 1664 596 1722 quum
615 1641 778 1699 etiam
805 1663 833 1699 a
857 1640 1140 1702 Telmisso
1170 1641 1410 1704 foedera-

16 1721 53 1779 δὲ
97 1719 371 1801 sociaeque
428 1723 605 1800 copiae
654 1723 932 1782 venissent
968 1767 983 1792 ‚
1041 1729 1173 1785 viris
1232 1728 1408 1805 magis

22 1824 144 1869 uam
183 1803 462 1877 moenibus
503 1801 742 1871 confisi,
795 1810 850 1863 in
896 1806 1081 1864 vicino
1126 1806 1271 1866 colle
1313 1809 1405 1867 in·

28 1905 283 1944 ruxerant
307 1887 478 1946 aciem
503 1905 520 1954 3
546 1888 604 1944 ὃς
636 1886 946 1963 praernissos
971 1887 1040 1946 ab
1070 1887 1406 1949 Alexandro

17 1964 171 2032 ¹elites
208 1972 633 2047 opportunitate
669 1966 781 2026 loci
826 1968 1003 2047 adjuti
1039 1969 1361 2047 repulerant
1385 1993 1405 2031 τ

35 2045 69 2112 d
98 2048 336 2126 Agriani
369 2047 692 2108 resistebant
723 2092 740 2117 ,
786 2048 909 2129 quis
949 2053 1259 2132 propinqua
1290 2055 1403 2133 jam

19 2127 358 2190 elacedonum
377 2130 616 2210 phalanx
633 2175 649 2200 ,
672 2133 730 2189 &
757 2151 882 2190 ante
904 2135 1077 2211 prima
1098 2134 1253 2213 signa
1272 2134 1402 2194 Rex

20 2213 305 2290 onspechis
331 2212 617 2272 audaciam
646 2210 955 2273 addiderat.
983 2215 1263 2275 Maximus
1290 2217 1403 2275 mi·-

22 2293 63 2350 ti
80 2291 240 2352 labor
271 2292 376 2354 fuit
408 2316 508 2374 per
531 2294 699 2354 ardua
724 2297 971 2354 conniti:
1000 2297 1291 2377 postquam
1321 2319 1402 2356 ae-

55 2374 267 2436 ioribus
308 2376 479 2457 paulo
521 2378 659 2436 locis
700 2376 995 2438 consistere
1037 2379 1227 2438 datum
1273 2378 1351 2439 est
1379 2423 1394 2448 ,

26 2475 299 2519 :mermum
315 2479 710 2522 montanorum
731 2460 935 2543 vulgus
958 2460 1108 2521 haud
1129 2483 1274 2542 aegre
1296 2459 1401 2534 diss

0 2557 171 2600 rzcere.

1102 2805 1199 2873 Νη
