1747 3063
235 95 248 105 ‘
315 94 447 150 DE·
490 90 1290 149 FRE‘JNSHE‘MJU50-
1369 84 1374 88 “
1476 101 1542 161 19

113 183 269 266 quod
292 185 347 244 in
373 184 526 244 malis
548 226 563 252 ,
603 184 850 261 itemque
889 183 1113 261 peciore
1143 202 1306 263 grato
1333 183 1543 241 rubore

110 265 574 325 suffundebatur:
615 263 878 343 capillum
916 261 1126 323 flavum
1161 306 1176 331 ‚
1223 265 1422 322 leniter
1461 266 1546 322 in-

53 342 62 348 *
112 367 326 406 tortum
361 345 381 405 ’τ
437 367 629 405 nasum
682 344 985 425 aquilinum
1023 366 1036 403 :
1078 343 1276 403 oculos
1312 347 1492 404 varios
1520 387 1536 412 ,

110 446 237 487 nam
273 428 447 490 laevus
477 429 710 508 glaucus
743 424 908 484 fuis-se
939 425 1180 486 traditur
1203 468 1220 496 ,
1260 424 1439 486 altero
1465 428 1545 483 ni-

110 512 375 592 gerrimo,
409 508 601 568 Inerat
631 526 815 566 autem
851 509 981 587 ipsis
1020 507 1245 567 occulta
1281 507 1542 588 quaedam*

111 593 230 660 vis,
271 611 334 650 ut
375 592 488 649 sine
526 591 884 649 veneratione
927 609 1096 668 atque
1125 590 1359 648 horrore
1402 611 1545 669 quo-³

109 671 237 731 dam
261 672 596 731 intuentium
624 690 738 728 non
773 670 1170 749 adspiceretur.
1205 671 1543 731 Pernicitate

109 753 319 834 pedum
343 751 650 813 admirabili
673 750 777 810 fuit
796 796 812 821 ,
841 774 1008 833 quam
1033 770 1096 810 ut
1126 773 1341 832 magnae
1366 754 1420 809 in
1448 773 1545 810 exe

108 834 488 914 peditionibus
515 832 768 892 utilitatis
798 875 815 904 ,
853 834 1019 893 etiam
1066 853 1164 892 rex
1205 854 1318 891 non
1355 834 1543 891 omisit

106 922 366 976 exercere
395 958 413 984 ‚
453 913 710 994 saepeque
749 937 876 974 cum
913 914 1275 974 velocissimis
1311 912 1537 974 suorum

108 1018 274 1057 cursu
299 1014 513 1057 certare
538 997 687 1058 visus
717 995 825 1056 est:
853 996 1121 1054 Patientia
1146 996 1352 1054 laboris
1376 995 1541 1074 supra

105 1077 276 1137 fidem
301 1080 497 1138 eximia
516 1120 532 1146 ,
562 1077 671 1158 qua
692 1076 833 1157 saepe
859 1076 966 1136 unii
987 1120 1004 1146 ‚
1041 1075 1376 1136 difficiilimis
1402 1098 1539 1137 tent*

104 1159 335 1240 poribus
367 1203 380 1227 ‚
424 1160 527 1217 sibi
551 1159 1006 1238 exercitibusque
1031 1157 1136 1216 suis
1165 1158 1393 1218 salutem
1432 1181 1536 1238 pe-

105 1242 267 1320 perit.
306 1240 821 1299 Exercitationibus
851 1239 1058 1298 crebris
1081 1282 1097 1308 ,
1126 1244 1184 1298 &
1211 1240 1537 1299 calidissima

106 1323 358 1400 corporis
383 1323 682 1400 temperie,
716 1320 857 1380 adeo
896 1320 1171 1400 quidquid
1201 1323 1386 1381 vitiosi
1422 1323 1531 1379 hu-

75 1404 272 1462 'moris
303 1402 402 1462 sub
429 1420 559 1461 cute
593 1401 797 1483 collegi
829 1400 968 1461 solet
989 1445 1005 1471 ,
1049 1404 1395 1480 expugnavit
1415 1447 1431 1471 ,
1469 1421 1535 1461 ut

104 1483 324 1544 suavem
372 1503 443 1543 ex
486 1502 583 1543 ore
634 1483 1012 1563 membrisque-
1059 1483 1340 1544 exhalaret
1385 1485 1538 1544 odo—¹

105 1587 218 1625 rem
255 1611 271 1637 ,
322 1587 504 1647 eoque
551 1567 717 1625 etiam
763 1567 980 1626 tunicas
1030 1562 1237 1645 quibus
1277 1580 1542 1626 uteretur

102 1647 393 1725 impleret:
434 1646 510 1705 ob
546 1647 768 1706 easdem
798 1668 990 1707 causas
1013 1689 1029 1714 ,
1068 1667 1131 1706 ut
1164 1649 1389 1728 quidam
1424 1671 1531 1730 pu-

105 1747 225 1787 tant
247 1772 260 1795 ‚
296 1727 365 1787 ad
391 1730 580 1788 vinum
606 1731 853 1808 iramque
879 1728 1204 1808 proclivior.

182 1809 457 1869 Visuntur
485 1809 678 1871 ,adhuc
719 1812 983 1890 imagines
1028 1813 1143 1883 ejus
1182 1808 1529 1890 statuaeque3

99 1890 438 1951 summorum
474 1889 750 1950 artificum
789 1913 978 1970 opera.
1016 1892 1106 1949 Ne
1150 1893 1298 1951 enim
1333 1895 1531 1972 vulga-

100 1973 241 2030 rium
279 1969 626 2051 sculptorum
671 1974 1016 2051 pifiorumve
1057 1975 1370 2032 temeritate
1416 1976 1528 2033 oris

98 2051 177 2110 sui
214 2053 396 2111 honor
433 2053 848 2122 obsolesceret,
891 2051 1131 2113 studiose
1170 2056 1360 2123 cavit,
1405 2076 1528 2134 poe-

99 2156 225 2193 nam
258 2137 627 2194 comminatus
647 2177 663 2204 ,
704 2137 748 2193 si
775 2137 894 2215 quis
921 2137 1125 2214 injussu
1163 2135 1261 2194 suo
1296 2157 1527 2196 conare-

92 2235 206 2275 tur.
248 2216 406 2296 Ergo
451 2215 769 2277 abundante
812 2237 933 2276 tum
987 2215 1264 2276 artificum
1317 2218 1521 2295 copia,

95 2297 380 2358 volentem
412 2320 553 2357 unus
586 2298 819 2377 Apelles
860 2300 1039 2379 pinxit
1065 2341 1080 2367 ,
1121 2297 1349 2377 sculpsit
1385 2298 1528 2382 Pyr·

95 2379 312 2458 goteles
346 2421 361 2446 ,
403 2379 685 2460 Lysippus
731 2384 788 2439 &
828 2380 1154 2461 Polycletus
1197 2402 1302 2439 aere
1345 2379 1525 2440 duxe-

96 2478 244 2518 runt.
293 2460 625 2520 Citatiorem
684 2483 934 2540 gressum
992 2461 1273 2520 Leonidae*
1320 2462 1526 2522 vitium·

94 2540 260 2599 fuisse
282 2584 296 2608 ,
335 2539 560 2611 ferunt3
597 2564 665 2603 ex
697 2545 867 2622 ipsius
899 2541 1306 2601 consuetudine
1331 2541 1387 2601 id
1413 2543 1523 2600 hae-

96 2624 227 2682 sisse
269 2622 601 2682 Alexandro
639 2667 655 2692 ,
705 2624 860 2705 quod
909 2623 1095 2703 postea
1139 2647 1312 2704 quum
1359 2626 1523 2684 enixe

94 2704 300 2775 vellet,
329 2706 607 2789 corrigere
641 2727 751 2768 non
783 2707 1050 2788 potuerit.
1076 2705 1361 2787 Equidem
1383 2705 1528 2766 edum
