1747 3063
29 115 310 167 'LIVRE
346 112 468 162 III.
510 111 966 162 CHAPITRE
1004 112 1139 163 VIII.
1242 129 1338 180 339

0 226 76 263 em
103 199 352 264 Barbari.
373 199 523 271 Qui,
565 199 693 278 quia
736 218 834 275 per
861 196 1178 276 complures
1219 197 1341 258 dies

0 307 37 350 n*
54 281 260 341 adierat
295 279 545 358 Regem,
579 278 804 338 scelesto
839 279 1078 338 consilio
1107 301 1228 339 eam
1251 280 1343 339 vi—

0 361 102 423 ·.est
122 361 499 441 ¹suppressisse
520 405 536 431 ,
578 365 636 420 ὃς
675 365 729 420 in
757 363 974 439 agmine
998 383 1026 419 a
1057 360 1350 430 Cretensi-3

0 467 20 508 s
38 488 56 517 ,
82 442 232 504 haud
257 442 427 503 dubie
451 445 601 523 jussu
626 442 799 523 Regis
826 443 1043 502 occisus
1066 440 1163 503 est.

6 607 59 668 C
78 625 187 666 ΑΡ.
223 603 432 666 VIII.
487 605 609 663 Jam
656 604 847 665 Graeci
896 605 1098 665 milites
1137 648 1154 683 ,
1204 624 1350 684 quos

0 686 249 772 iymodes
276 709 304 746 a
330 686 685 746 Pharnabaso
707 706 1035 764 acceperat,
1067 689 1351 767 praecipua

0 792 38 831 ts
58 774 115 830 &
144 767 555 849 propemodum
582 770 741 828 unica
759 811 774 837 ‚
803 767 873 827 ad
892 767 1132 827 Darium
1154 790 1353 848 perve-

0 872 131 913 rant.
172 851 253 912 Hi
298 871 639 930 magnopere
684 849 991 909 suadebant
1021 893 1039 920 ,
1089 869 1153 908 ut
1201 868 1355 909 retro

0 938 97 996 iret
119 976 135 1003 ,
162 930 543 1011 spatiososque
568 932 999 1012 Mesopotamiae
1025 951 1254 1010 campos
1277 953 1357 990 re-

2 1034 155 1076 teret.
182 1015 242 1073 Si
265 1012 326 1074 id
351 1013 642 1073 consilium
675 1013 992 1077 damnaret,
1021 1033 1075 1073 at
1101 1012 1192 1072 ille
1215 1012 1359 1072 divi-

0 1116 80 1158 ret
119 1095 312 1155 saltem
348 1100 540 1173 copias
579 1095 1007 1154 innumerabiles
1037 1138 1054 1164 ,
1108 1115 1216 1154 neu
1255 1092 1356 1152 sub

0 1201 99 1238 *um
131 1176 373 1236 fortunae
408 1178 580 1236 icium
606 1197 752 1236 totas
785 1179 930 1236 vires
965 1179 1123 1257 regni
1156 1175 1358 1235 cadere

0 1279 234 1320 teretur.
273 1256 463 1316 Minus
492 1259 601 1317 hoc
635 1258 931 1319 consilium
955 1258 1102 1338 Regi
1135 1301 1150 1325 ,
1190 1279 1359 1336 quam

0 1341 244 1422 mpuratis
270 1342 387 1420 ejus
419 1339 752 1419 displicebat
777 1362 789 1398 :
817 1341 1116 1419 ancipitem
1147 1337 1317 1398 fidem
1340 1360 1365 1409 ,·

30 1421 289 1482 mercede
327 1420 580 1481 venalem
620 1421 1003 1501 proditionem
1028 1422 1361 1492 imminere3

16 1504 202 1579 *dividi
239 1524 352 1562 non
385 1503 459 1562 ob
487 1503 635 1563 aliud
661 1506 850 1583 copias
885 1502 1029 1564 velle
1048 1546 1068 1572 ‚
1104 1499 1269 1582 quam
1295 1520 1360 1560 ut

0 1588 34 1650 ‚xi
54 1588 108 1645 in
134 1586 353 1645 diversa
378 1586 641 1664 digressi,
664 1587 709 1644 si
734 1584 869 1665 quid
896 1586 1256 1644 commissum
1280 1582 1362 1642 es-

31 1711 49 1739 ,
82 1666 369 1728 traderent
410 1666 763 1727 Alexandro.
811 1666 968 1726 Nihil
994 1668 1168 1725 tutius
1193 1687 1312 1725 esse
1337 1706 1359 1734 ,

45 1773 98 1810 m
128 1746 505 1808 circumdatos
527 1770 622 1807 eos
653 1750 904 1808 exercitu
931 1767 1058 1806 toto
1080 1748 1246 1806 obrui
1270 1767 1360 1807 te-

14 1874 32 1903 ,
64 1825 471 1893 documentum
494 1852 608 1889 non
628 1832 818 1889 inultae
840 1827 1088 1909 perfidiae
1113 1827 1354 1890 futuros-

15 1993 101 2053 At
135 1993 346 2052 Darius
370 2039 385 2063 ‚
431 2011 496 2051 ut
539 2011 657 2051 erat
691 1990 904 2052 sancius
928 1996 985 2053 ὃς
1018 1992 1165 2053 mitis
1186 2035 1202 2061 ,
1241 2020 1275 2045 20
1306 1989 1362 2053 se

17 2076 130 2135 (ero
154 2095 371 2134 tantum
395 2073 606 2134 facinus
630 2094 798 2153 negat
821 2097 939 2134 esse
963 2074 1237 2135 faciurum
1256 2117 1271 2143 ‚
1298 2092 1363 2134 ut:

17 2155 144 2216 'uam
166 2155 384 2216 secutos
408 2154 579 2215 fidem
602 2199 616 2223 ‚
653 2154 779 2214 suos
805 2157 1004 2216 milites
1028 2155 1216 2234 jubeat
1237 2175 1363 2214 tru-

17 2238 193 2299 ‘'idati.
231 2239 420 2311 Quem
454 2237 654 2297 deinde
681 2237 911 2317 amplius
936 2244 1223 2299 nationum
1260 2259 1365 2297 ex-

28 2342 239 2381 erarum
275 2321 504 2380 salutem
541 2317 691 2379 suam
735 2320 1082 2381 crediturum
1126 2320 1270 2388 sibi,
1315 2320 1364 2380 si

17 2421 91 2461 tot
115 2403 348 2461 militum
371 2401 631 2482 sanguine
656 2402 944 2463 imbuisset
966 2400 1202 2462 manus?
1237 2402 1364 2461 Ne-

20 2503 22 2505 ’
62 2484 206 2542 inem
236 2482 497 2543 stolidum
540 2482 832 2544 consilium
860 2486 1039 2565 capite
1075 2484 1231 2544 luere
1257 2482 1365 2543 de-

18 2585 171 2636 uere3
199 2563 490 2625 defuturos
512 2567 659 2626 enim
676 2610 692 2635 ‚
717 2567 819 2646 qui.
837 2566 1160 2636 suaderent,
1189 2568 1233 2625 si
1252 2564 1367 2625 sua-

21 2647 136 2706 sisse
169 2646 475 2727 periculum
503 2668 668 2707 esset.
701 2647 967 2730 Denique
992 2651 1145 2729 ipsos
1173 2649 1368 2729 quoti-

23 2735 26 2738 ’
52 2733 100 2792 'e
121 2729 191 2792 ad
214 2728 267 2792 se
293 2730 483 2809 vqcari
510 2730 566 2808 in
588 2729 884 2794 Consilium
899 2774 918 2806 ,
945 2732 1238 2809 variasque
1259 2728 1375 2788 sen·-

1115 2826 1202 2893 1³15
