1747 3063
7 0 39 29 *μ’

218 86 485 140 LJVRE
524 85 622 137 JV.
654 81 1114 133 CHAPJTRE
1150 78 1313 130 XVI.
1404 92 1498 145 519

11 194 31 238 J
70 169 436 251 resolutisque
463 173 520 229 &
546 169 900 250 torpentibus
922 165 1186 225 membris
1204 207 1222 234 ,
1259 185 1389 222 cum
1413 161 1502 220 su-

73 255 414 332 perveniseet
439 250 606 311 hostis
622 294 638 321 ,
665 252 821 310 novis
845 247 1164 310 vulneribus
1185 245 1503 305 excitaban-

73 354 181 392 tur·
210 333 456 406 Quidam
473 376 487 402 ,
511 333 799 412 occupatis
831 331 1097 409 proximis
1119 329 1249 389 rivis
1272 374 1287 396 ,
1315 327 1502 386 diver-

29 434 32 446 ·
72 434 257 474 terant
297 415 556 498 longiuS,
590 433 688 483 ut,
728 410 1005 494 quidquid
1050 410 1266 470 occulti
1304 407 1506 466 humo-

73 499 145 555 ris
164 518 398 577 usquam
418 515 663 556 manaret
679 537 694 564 ,
718 496 1061 574 exciperent.
1077 492 1203 551 Nec
1225 489 1337 549 ulla
1358 488 1503 548 adeo

14 634 15 638 ,
73 583 194 638 avia
221 583 279 638 &
309 581 454 638 sicca
476 578 673 638 lacuna
697 595 814 635 erat
833 620 848 645 ,
874 596 999 655 quae
1026 573 1415 653 vestigantium
1437 575 1505 630 si-

12 668 18 699 2‘
71 661 173 718 tim
211 658 444 721 falleret.
485 659 533 718 E
569 659 835 739 proximis
874 678 1012 716 vero
1037 657 1219 714 itineri
1255 655 1392 713 vicis
1428 650 1507 711 se·-

71 762 209 800 num
249 741 496 801 ululatus
533 739 975 817 feminarumque
1013 736 1456 796 exaudiebantur
1483 777 1506 802 ᾖ

14 887 15 890 ¹
73 821 314 882 barbaro
363 827 476 883 ritu
516 822 756 882 Darium
799 820 983 881 adhuc
1025 841 1218 900 regem
1263 817 1506 877 claman-

72 922 235 965 num·

161 1145 527 1216 Alexander,
567 1164 630 1206 ut
664 1144 826 1224 supra
860 1145 1069 1206 diorum
1106 1143 1182 1206 est
1203 1188 1220 1214 ,
1261 1141 1510 1204 inhibito

73 1229 505 1292 suorum‘cursu,
525 1228 596 1288 ad
630 1228 855 1309 Lycum
890 1249 1106 1287 amnem
1131 1245 1506 1309 pervenerat3

16 1336 19 1338 ·
73 1311 173 1370 ubi
210 1316 405 1391 ingens
448 1309 753 1369 multitudo
794 1307 1132 1390 fugientium
1176 1325 1509 1368 oneraverat

72 1414 307 1473 pontem
328 1436 344 1462 ,
387 1398 445 1453 &
477 1394 730 1472 plerique
752 1438 768 1457 ,
809 1413 937 1452 cum
963 1390 1128 1450 hostis
1152 1409 1377 1471 urgeret
1402 1432 1418 1457 ,
1451 1391 1508 1447 'm

71 1473 286 1546 flumen
317 1474 370 1535 se
400 1476 889 1554 praecipitaverant
909 1517 925 1542 ,
953 1495 1265 1554 gravesque
1297 1472 1458 1530 armis
1487 1512 1507 1540 2

74 1561 133 1616 &
159 1557 353 1637 praelio
383 1579 445 1616 ac
469 1554 597 1636 fuga
625 1555 914 1636 defatigati
935 1556 1254 1636 gurgitibus
1287 1554 1510 1613 haurie-

74 1638 550 1718 bantur.Jamque
576 1659 686 1697 non
716 1659 858 1718 pons
881 1637 1054 1696 modo
1078 1636 1357 1717 fugientes
1376 1655 1395 1705 3
1413 1632 1509 1693 sed

71 1742 143 1780 ne
170 1725 341 1781 amnis
376 1719 602 1800 quidem
634 1718 890 1799 capiebat
913 1763 930 1789 ,
957 1720 1174 1799 agmina
1195 1717 1284 1777 sua
1307 1719 1510 1796 impro-

74 1803 203 1863 vide
244 1801 476 1862 subinde
509 1801 877 1862 cumulantes.
912 1802 1141 1882 Quippe
1164 1845 1182 1870 ‚
1218 1799 1316 1858 ubi
1340 1801 1510 1857 intra-

75 1886 158 1944 vit
195 1885 408 1943 animos
449 1905 664 1963 pavor,
705 1882 762 1942 id
798 1881 974 1941 solum
1011 1901 1269 1942 metuunt
1294 1924 1309 1948 ,
1351 1878 1511 1960 quod

29 1986 32 1989 ·
70 1967 314 2045 primum
351 1963 652 2024 formidare
681 1985 994 2044 coeperunt.
1037 1962 1369 2024 Alexander
1408 1960 1513 2019 ins·-

31 2118 37 2128 Ι
73 2047 326 2108 tantibus
349 2046 486 2116 suis,
513 2051 721 2128 impune
742 2045 1013 2104 abeuntem
1033 2045 1212 2120 hostem
1230 2045 1379 2121 sequi
1390 2061 1511 2123 per-

42 2174 45 2177 .
77 2131 292 2185 mitteret
315 2151 332 2181 .·
370 2126 565 2185 hebetia
589 2130 693 2185 tela
717 2150 849 2192 esse,
890 2127 956 2186 ὠ
990 2149 1177 2184 manns
1198 2127 1458 2205 fatigatas
1484 2147 1508 2189 ,-

15 2247 19 2258 1
74 2227 317 2289 tantoque
341 2231 490 2266 cursu
525 2228 736 2291 corpora
776 2208 1019 2284 exhansi‘a
1044 2253 1063 2281 ‚
1106 2209 1174 2267 &
1204 2225 1411 2291 praeceps
1450 2206 1507 2263 2⁴72

75 2295 268 2349 nostem
292 2290 403 2349 diei
419 2309 613 2374 tempus
643 2310 902 2354 causatus
924 2290 1023 2353 est,

162 2456 249 2516 Re
290 2479 423 2519 vera
464 2456 533 2517 de
577 2457 723 2519 Iaevo
765 2480 942 2518 cornu
982 2502 998 2529 ‚
1041 2454 1194 2539 quod
1233 2452 1416 2514 adhue
1455 2448 1513 2510 in

75 2543 194 2599 acie
218 2538 356 2599 stare
400 2539 702 2609 credebat,
735 2538 1038 2609 sollicitus,
1077 2539 1280 2600 reverti
1321 2534 1390 2595 ad
1427 2533 1514 2593 fe-

75 2621 304 2680 rendam
332 2634 495 2702 opem
537 2621 643 2683 suis
677 2621 883 2683 statuit.
922 2625 1157 2702 Jamque
1191 2621 1343 2700 signa
1375 2638 1515 2675 con·-

78 2722 320 2766 verterat
344 2725 364 2779 5
414 2726 544 2766 cum
576 2710 796 2787 equites
809 2749 829 2780 ,
861 2728 891 2769 a
922 2705 1288 2769 Parmenione
1315 2699 1468 2761 missi
1487 2738 1511 2781 2
