1747 3063
246 79 348 149 αρε
557 62 1425 128 ςυΡΡιΕΜΕΝΤε

246 164 576 248 praeclaram
615 163 910 221 Persarum
941 157 1095 236 spem
1120 201 1138 229 ‚
1177 156 1522 242 irreparabili
1563 155 1701 223 cum*-

247 253 499 330 ipsorum
533 245 742 304 damno
767 286 783 312 ,
825 239 1092 301 deseruit.
1126 240 1242 302 Sed
1278 264 1456 323 quum
1492 240 1547 302 se
1586 245 1708 322 jam¹

247 333 420 393 morti
447 330 695 388 vicinum
728 323 1073 404 intelligeret
1099 367 1116 394 ‚
1153 324 1524 385 Pharnabazo
1548 321 1709 393 soro-a}

251 417 325 474 ris
348 411 456 470 suae
489 408 611 467 filio
634 451 652 477 ‚
692 428 864 488 quem
897 407 1196 467 Artabazo
1221 427 1518 488 pepererat
1538 450 1556 478 ‚
1580 409 1711 495 im-g,

181 514 183 517 ’
251 500 471 576 perium
496 490 656 551 suum
680 487 916 549 tradidit
937 532 954 559 ,
989 488 1175 550 donec
1201 489 1449 569 Darius,
1473 512 1532 550 re
1554 487 1713 571 com-g

257 576 448 658 perta,
475 574 638 635 aliter
662 571 951 633 statueret.
1701 594 1711 598 ·“

340 659 455 719 Hic
506 678 637 718 cum
692 655 1133 736 Autophradate
1187 653 1376 718 classis
1437 653 1713 737 praefe&03

258 744 447 803 munia
485 740 726 822 partitus
749 781 764 807 ,
808 739 875 798 eb
912 738 1143 799 tandem
1181 740 1441 799 obsessos
1476 739 1704 821 adegit,

261 848 324 886 ut
351 824 562 886 »securo
595 821 839 902 praesidii
878 820 1125 882 discessu
1163 823 1330 902 padio
1357 863 1374 890 ,
1419 821 1716 898 columnas-

262 910 386 989 quis
415 907 644 967 foederis
687 927 817 964 cum
855 903 1190 964 Alexandro
1227 906 1382 983 leges
1413 906 1708 985 insculptae

265 1013 422 1051 erant
445 1035 463 1062 ,
496 988 888 1047 subverterent
909 1030 925 1056 ‚
963 987 1261 1069 Darioque
1287 984 1461 1047 fidem
1485 987 1711 1068 pollici-

263 1077 342 1144 ti,
379 1071 666 1133 dimidiam
704 1069 930 1129 exulum
967 1068 1194 1129 suorum
1238 1087 1457 1149 partem
1498 1073 1712 1152 recipe-

267 1178 412 1217 rent.
450 1157 534 1214 At
571 1154 755 1212 Persae
785 1173 896 1210 non
930 1153 1150 1232 integra
1181 1151 1294 1212 fide
1329 1153 1505 1231 paffis
1542 1151 1711 1215 stete-

267 1264 325 1301 re
349 1260 368 1311 3
401 1238 496 1298 sed
526 1233 859 1296 introduffls
884 1236 938 1292 in
967 1235 1167 1294 urbem
1211 1233 1479 1294 militibus
1510 1236 1712 1320 Lyco-

265 1322 490 1383 medem
515 1317 806 1378 Rhodium
829 1339 1067 1398 praeesse
1091 1320 1402 1395 jusserunt:
1428 1314 1716 1399 Diogeni,¹

269 1411 369 1486 qui
401 1405 476 1464 ob
501 1400 678 1461 studia
705 1402 759 1459 in
785 1400 976 1460 Persas
1003 1399 1329 1460 exulaverat
1350 1441 1368 1468 ,
1403 1402 1596 1480 patriae
1618 1421 1719 1484 tye-

272 1493 457 1549 rannis
487 1483 691 1545 tradita
727 1480 824 1542 est.
861 1483 1111 1545 Pecunia
1150 1482 1418 1560 deinceps
1454 1484 1721 1561 privatim·

273 1572 343 1630 ab
377 1567 804 1651 opulentissimo
831 1586 1061 1647 quoque
1090 1587 1189 1646 per
1220 1565 1334 1624 vim
1361 1562 1545 1628 ablata
1565 1609 1584 1637 ‚
1611 1588 1714 1626 ne-

273 1674 384 1733 que
435 1674 504 1711 eo
560 1647 739 1709 minus
784 1650 1120 1729 imperatum
1166 1646 1444 1707 tributum
1483 1692 1503 1721 ,
1560 1646 1726 1733 quodi·

276 1753 574 1796 commune
601 1732 1065 1813 Mitylenaeorum
1089 1729 1384 1812 penderet.

748 2160 757 2166 ·
819 2102 1177 2244 ‘Qarffi
