1747 3063
150 98 280 147 DE
329 54 1114 145 EREINaHEMIUS.
1269 111 1358 159 171

0 200 89 242 ero
113 179 357 238 adventu
384 178 698 237 Memnonis
730 176 907 238 statim
939 176 1117 236 soluta
1143 178 1365 239 obsidio

0 260 54 320 st.
81 260 246 318 Calas
275 257 474 318 deinde
500 301 517 326 ,
553 259 649 337 qui
675 281 800 317 cum
833 259 1066 318 modicis
1096 259 1368 318 Macedo-

0 358 88 400 um
124 359 290 418 atque
329 341 794 398 mercenariorum
836 342 1010 418 copiis
1047 344 1102 398 in
1140 339 1371 399 Troade

0 442 44 481 es
68 421 334 499 gerebat,
373 442 501 478 cum
539 420 713 477 Persis
751 419 945 496 praelio
979 422 1260 480 certavit:
1310 425 1371 479 ὅτ.

0 522 132 580 npar
165 499 403 560 hostium
427 499 780 560 multitudini
809 542 827 568 ,
876 501 931 557 in
975 501 1280 560 Rhoeteum
1317 499 1374 559 se

0 600 190 658 ecepit.

45 660 98 719 C
118 678 226 718 ΑΡ.
250 658 343 717 II.
372 657 593 718 Interea
629 658 953 718 Alexander
984 660 1294 721 constitutis
1319 665 1375 721 in

0 741 180 803 iraecia
212 741 376 798 rebus
396 781 412 808 ,
439 741 494 797 in
523 739 916 799 Macedoniam
942 762 1193 800 reversus
1211 785 1226 810 ,
1251 765 1375 822 quae

3 841 175 883 antam
224 819 358 879 belli
397 819 602 879 molem
650 841 941 900 agressuro
990 821 1238 881 cavenda
1284 824 1377 883 vei

5 899 389 963 dministranda
429 921 651 969 essent,
693 923 821 960 cum
861 903 1051 960 amicis
1099 902 1381 962 delibera-

0 1003 84 1044 -at.
123 983 422 1063 Antipater
458 1004 520 1040 ac
553 983 843 1041 Parmenio
871 1000 1031 1041 aetate
1056 986 1113 1041 &
1139 983 1384 1062 dignita-

9 1087 27 1124 3
49 1064 314 1143 praecipui
338 1061 755 1121 obtestabantur
776 1105 791 1131 ,
827 1084 894 1121 ne
920 1063 972 1119 in
999 1083 1109 1121 uno
1141 1085 1380 1143 corpore

11 1147 143 1204 3tius
180 1145 394 1221 imperii
425 1141 652 1202 salutem
694 1141 932 1201 forrunae
964 1144 1169 1202 insidiis
1201 1166 1384 1224 expo-

14 1244 128 1306 eret
155 1246 168 1283 :
203 1225 335 1302 quin
367 1225 516 1303 priue
549 1245 772 1304 operam
796 1223 952 1283 daret
974 1224 1198 1295 liberi33
1227 1230 1283 1284 &
1304 1231 1386 1284 in-

15 1307 295 1366 olumitate
325 1309 515 1384 patriae
548 1304 796 1372 firmata,
842 1306 916 1364 ita
949 1304 1169 1364 demum
1198 1305 1265 1365 de
1292 1312 1386 1366 in-

17 1406 261 1447 remento
293 1390 408 1465 ejus
440 1387 732 1464 cogitaret.
762 1386 990 1464 Quippe
1017 1406 1218 1465 praeter
1246 1388 1388 1445 Ale-

12 1467 246 1528 andrum
289 1487 452 1526 nemo
498 1489 566 1524 ex
608 1466 847 1544 Phihppi
884 1465 1144 1547 sanguine
1185 1466 1391 1547 dignus

19 1549 205 1627 aperio
278 1546 560 1627 supererat
600 1591 616 1615 ,
686 1546 975 1625 Clopatrae
1040 1546 1232 1606 sobole
1291 1569 1390 1626 per

21 1624 379 1711 >lympiadem
424 1628 730 1707 intercepta
758 1648 788 1704 ‘3
837 1627 1098 1685 Aridaeus
1132 1627 1390 1686 sordidus

23 1712 209 1770 raterni
233 1714 448 1787 generis
472 1753 488 1778 ,
525 1713 581 1767 &
615 1708 838 1767 turbata
862 1729 1045 1768 mente
1066 1751 1083 1778 ‚
1121 1708 1392 1768 Macedo-

24 1792 120 1852 iam
159 1790 430 1850 dedecere
462 1790 782 1871 putabatur.

69 1949 277 2010 Verum
303 1949 393 2008 ille
420 1950 617 2028 quietis
639 1950 928 2026 impatiens
946 1992 961 2017 ‚
994 1951 1127 2010 nihil
1148 1950 1249 2009 nisi
1271 1950 1398 2009 bel-

29 2053 99 2091 im
121 2073 136 2100 ,
164 2037 222 2091 &
248 2053 314 2089 ex
344 2032 573 2090 vicioria
598 2030 831 2109 gloriam
858 2030 1074 2091 assidua
1101 2032 1397 2111 cogitatio-

30 2133 55 2170 e
80 2113 362 2173 volvebat.
402 2111 586 2191 Igitur
606 2153 623 2179 ,
667 2139 700 2162 ιο
729 2109 849 2170 Vos
886 2112 1159 2191 quidem,
1188 2114 1356 2189 inquit
1376 2155 1396 2182 ,

48 2211 110 2273 ut
134 2193 342 2272 probos
368 2196 425 2254 &
452 2211 696 2251 amantes
721 2194 911 2270 patriae
937 2194 1085 2252 viros
1108 2193 1299 2262 decet,
1326 2193 1398 2254 de

34 2273 357 2333 'commodis
374 2316 390 2342 ,
417 2274 768 2351 adversisque
791 2273 933 2332 illius
954 2273 1100 2333 haud
1126 2275 1240 2332 sine
1267 2296 1399 2333 cau-

51 2353 101 2413 sa
125 2354 340 2414 solliciti
366 2354 504 2413 estis,
530 2352 791 2411 Arduum
818 2360 964 2414 enim
988 2399 1003 2423 ,
1047 2357 1166 2435 quis
1191 2376 1359 2434 neget
1383 2359 1403 2415 ζ

54 2457 190 2514 opus
215 2435 492 2504 ordimur,
515 2434 670 2515 quod
693 2434 858 2494 semel
883 2457 1090 2496 temere
1113 2456 1362 2515 coeptum
1383 2479 1400 2505 ,

52 2518 98 2577 si
134 2535 366 2576 eventus
397 2535 591 2596 arguat
621 2559 637 2584 ,
682 2514 795 2574 sera
822 2519 1148 2595 poenitentia
1188 2538 1406 2596 nequa-

54 2619 214 2677 quam
238 2597 633 2658 emendaverit.
655 2598 804 2655 Nam
829 2619 1122 2678 antequam
1155 2598 1278 2659 vela
1302 2597 1406 2656 soi-

60 2700 248 2749 vamus
282 2723 299 2751 ,
347 2685 607 2763 navigare
650 2677 884 2741 velimus
909 2722 926 2751 ,
971 2702 1036 2740 an
1080 2681 1363 2760 quiescere
1386 2721 1437 2754 ,p

1119 2777 1223 2842 Hi}
