1747 3063
295 106 561 159 LIVRE
595 104 714 156 III.
761 106 1213 156 CHAPITRE'
1243 107 1345 157 XI.
1457 121 1549 176 355

216 192 322 252 CA
342 211 398 251 P.
424 190 544 251 XI.
564 191 686 251 Jam
708 189 776 251 ad
797 191 892 250 teli
913 193 1121 249 tactum
1146 212 1553 271 pervenerant3

43 288 50 294 ·
127 295 303 353 quum
342 273 634 332 Persarum
670 273 902 353 *equites
943 271 1206 332 ferociter
1242 276 1298 332 in
1347 272 1554 334 laevum

127 376 303 413 cornu
354 353 592 413 hostium
631 355 835 415 invecti
878 353 1022 413 sunt.
1069 355 1299 435 Quippe
1344 354 1554 414 Darius

127 434 365 514 equestri
391 437 582 515 praelio
606 433 905 495 decernere
927 436 1163 515 optabat
1182 481 1199 501 ,
1223 435 1554 516 phalangem

54 572 57 575 .
128 516 489 576 Macedonici
517 518 794 577 exercitus
831 517 1004 575 robur
1037 539 1153 576 esse
1196 520 1513 598 conjetstans
1535 558 1554 586 ,

126 601 348 678 jamque
384 600 550 657 etiam
583 597 844 658 dextrum
880 598 1195 658 Alexandri
1232 621 1410 660 cornu
1449 604 1556 659 cir-

126 681 461 738 cumibatur.
477 678 655 754 Quod
681 678 780 737 ubi
803 678 1047 740 Macedo
1068 683 1395 760 conspexit3
1421 679 1559 740 dua-

125 762 231 821 bus
256 759 355 820 alis
388 763 640 840 equitum
680 759 750 819 acl
783 763 979 840 jugum
1005 764 1210 820 montis
1241 765 1399 843 jussis
1436 762 1564 821 sub-

125 840 342 912 sistere,
368 862 585 901 ceteros
606 843 660 898 in
683 842 931 915 medinm
956 842 1089 901 belli
1116 843 1410 903 discrimen
1433 843 1565 903 stre-

125 945 236 983 nue
268 922 549 983 transfert.
577 920 879 982 Subduffis
904 924 1106 983 deinde
1135 946 1205 984 ex
1241 927 1356 984 acie
1383 923 1562 984 Thes-

123 1004 247 1065 salis
275 1005 558 1086 equitibus
582 1047 597 1072 ,
625 1001 947 1082 praefetstum
973 1028 1168 1065 eorum
1195 1005 1420 1066 occulte
1447 1009 1558 1066 cir-

126 1092 339 1147 cumire
366 1107 587 1165 tergum
622 1084 849 1145 suorum
874 1088 1064 1163 jubet,
1092 1088 1561 1168 Parmenionique

127 1171 432 1247 conjungi,
464 1171 522 1226 &2
560 1167 716 1246 quod
741 1169 786 1225 is
816 1171 1143 1247 imperasset
1166 1213 1180 1237 ,
1208 1171 1443 1250 impigre
1470 1192 1562 1230 ex—

124 1249 298 1330 sequi.
328 1250 563 1329 Jamque
597 1250 727 1327 ipsis
762 1249 817 1306 in
851 1249 1100 1309 medium
1135 1250 1426 1310 Persarum
1462 1273 1563 1309 un·
1628 1279 1633 1282 ·
1711 1241 1735 1310 ῙῘῙ

126 1331 297 1411 dique
342 1327 664 1391 circumfusi
701 1331 925 1410 egregie
971 1330 1024 1390 se
1071 1332 1416 1402 tuebantur3
1464 1331 1563 1391 sed

127 1414 423 1482 concerti,
467 1415 526 1472 ὅς
565 1416 720 1492 quasi
752 1413 1096 1472 cohaerentes
1127 1458 1144 1483 ,
1183 1414 1296 1473 tela
1339 1414 1563 1476 vibrare
1613 1466 1615 1468 ,

125 1516 240 1555 non
265 1514 529 1575 poterant
558 1513 571 1550 :
604 1492 768 1552 simul
801 1515 956 1555 erant
985 1496 1177 1555 emissa
1203 1538 1218 1565 ,
1250 1497 1303 1552 in
1330 1496 1561 1555 eosdem

126 1580 520 1638 concurrentia
545 1574 1015 1655 implicabantur,
1068 1578 1288 1658 levique
1321 1582 1378 1637 &
1411 1599 1562 1637 vano
1609 1585 1611 1588 ⁴

126 1661 240 1720 ictu
274 1680 446 1739 pauca
473 1659 529 1715 in
563 1656 814 1729 hostem,
857 1658 1018 1738 plura
1050 1660 1103 1717 in
1138 1660 1372 1718 humum
1399 1661 1561 1719 inno-

128 1742 218 1801 xia
252 1739 554 1800 cadebant.
941 1802 946 1805 v
1138 1812 1140 1815 y

208 1823 367 1902 Ergo
414 1819 662 1882 cominus
713 1841 963 1902 pugnam
1001 1822 1180 1880 coacti
1222 1844 1517 1884 conserere
1541 1841 1564 1895 g

128 1904 348 1985 gladios
378 1904 611 1983 impigre
634 1901 929 1984 stringunt.
966 1903 1120 1963 Tum
1148 1906 1284 1966 vero
1320 1906 1562 1966 multum

128 1986 406 2066 sanguinis
431 1983 615 2043 fusum
637 1983 715 2043 est
741 2007 754 2045 :
789 1984 915 2044 duae
941 1987 1149 2066 quippe
1181 1989 1323 2046 acies
1359 1993 1435 2048 ita
1472 2011 1570 2048 co⁸

129 2067 452 2135 haerebant,
502 2085 566 2124 ut
601 2066 761 2124 armis
803 2088 952 2126 arma
981 2067 1266 2146 pulsarent
1290 2112 1307 2138 ,
1347 2093 1567 2129 mucro-

104 2171 228 2212 xnes
247 2155 303 2210 in
336 2171 434 2207 ora
461 2146 784 2227 dirigerent.
807 2148 942 2206 Non
964 2149 1193 2220 timidO,
1222 2172 1335 2210 non
1357 2156 1564 2232 ignavo

132 2253 345 2290 cessare
377 2250 498 2288 tum
525 2229 681 2288 licuit
707 2252 720 2289 ε
757 2229 968 2289 collato
995 2231 1139 2310 pede
1158 2276 1174 2301 ,
1202 2233 1357 2312 qnasi
1384 2236 1574 2313 singu-

130 2313 171 2370 li
207 2315 350 2372 inter
381 2311 432 2370 se
469 2310 835 2380 dimicarent,
869 2313 925 2372 in
960 2313 1160 2373 eodem
1188 2313 1422 2394 vestigio
1455 2315 1568 2374 sta-

132 2395 306 2463 bant,
357 2393 540 2452 donec
582 2393 864 2454 vincendo
909 2395 1096 2471 locum
1149 2395 1250 2456 sibi
1296 2395 1567 2456 facerent.

132 2475 284 2535 Tum
339 2474 567 2543 demum
616 2497 752 2554 ergo
815 2476 1230 2556 promovebant
1277 2478 1514 2557 gradum
1545 2521 1568 2548 ,

133 2579 307 2637 quum
330 2555 545 2614 hostem
566 2557 994 2634 prostraverant.
1016 2558 1103 2618 At
1125 2559 1249 2619 illos
1272 2583 1452 2619 novus
1475 2582 1568 2620 ex-

134 2638 378 2718 cipiebat
410 2637 756 2697 adversarius
788 2637 1084 2719 fatigatos:
1125 2664 1228 2701 nec
1253 2641 1569 2709 vulnerati,
1617 2645 1620 2649 ’
1688 2638 1695 2678 2'

136 2740 196 2783 ut
223 2719 348 2784 alias
369 2718 548 2780 solent
568 2762 586 2791 ,
625 2721 739 2781 acie
765 2740 1028 2803 poterant
1053 2722 1325 2784 excedere
1345 2766 1363 2793 ,
1391 2744 1568 2803 quum
