1747 3063
1672 31 1722 80 3

274 133 378 182 440
573 114 1485 188 'QUINTE-CURCE‚

279 227 488 266 norum
528 224 781 265 veterem
822 204 1033 283 regiam
1079 204 1281 266 clausit
1317 228 1330 266 :
1369 207 1424 266 in
1467 202 1726 285 proximi⁴

283 292 560 367 conjuges
586 307 784 345 eorum
811 308 941 345 cum
973 285 1163 346 liberis
1194 290 1254 348 &
1290 287 1588 368 pellicibus
1624 290 1725 348 ha-

283 372 509 439 bitant3
550 367 641 427 hic
686 389 917 449 quoque
955 368 1070 429 Dei
1102 370 1397 430 oraculum
1433 370 1550 431 est:
1592 371 1725 431 ulti-

285 475 375 511 ma
403 452 747 511 munimenta
775 449 1077 511 satellitum
1104 459 1626 534 armigerorumque
1650 452 1725 514 se-

286 536 388 595 des
414 553 590 593 erant,
619 531 714 592 Est
740 536 907 606 etiam
933 533 1086 594 aliud
1119 535 1456 594 Hammonis
1489 558 1686 596 nemus
1711 557 1725 596 τ

284 620 346 675 in
373 615 562 674 medio
588 616 759 676 habet
787 615 1004 675 fontem
1030 662 1046 688 ,
1087 639 1284 695 aquam
1313 621 1446 675 Solis
1483 639 1725 680 vocant:

284 700 390 759 sub
429 699 569 758 lucis
604 719 792 759 ortum
829 699 1021 779 tepida
1069 720 1258 759 manat
1291 721 1313 772 3
1354 699 1544 761 medio
1587 699 1677 762 die
1708 743 1724 774 ,

289 805 422 843 cum
463 782 982 842 vehementissimus
1024 779 1100 842 est
1143 783 1340 853 calor,
1390 782 1593 864 frigida
1635 807 1725 846 ea-

289 864 424 925 dem
446 861 610 936 fluit3
634 865 903 925 inclinato
924 865 979 923 in
1010 887 1303 946 vesperam
1329 866 1597 938 calescit3
1620 889 1724 928 me·

291 948 387 1008 dia
426 948 592 1007 nodte
631 946 847 1009 fervide
882 946 1192 1019 exaestuat3
1242 970 1473 1030 quoque
1499 951 1725 1030 propius

291 1053 412 1090 nox
453 1031 639 1110 vergit
679 1030 749 1090 ad
788 1032 1016 1099 lucem,
1059 1030 1299 1090 multum
1343 1053 1411 1091 ex
1454 1035 1724 1093 nodiurno

293 1113 484 1175 calore
511 1112 789 1173 decrescit
809 1135 829 1185 3
864 1113 1048 1172 donec
1070 1111 1171 1173 sub
1197 1115 1380 1195 ipsum
1401 1113 1513 1174 diei
1541 1135 1724 1175 ortum

290 1213 520 1258 assueto
548 1215 745 1276 tepore
781 1197 1130 1279 languescat⁰

378 1279 450 1341 Id
476 1278 633 1358 quod
654 1300 761 1360 pro
788 1279 922 1340 Deo
947 1279 1155 1339 colitur
1176 1325 1194 1350 ,
1235 1301 1349 1339 non
1372 1277 1627 1340 eamdem
1653 1276 1723 1340 ef-

291 1360 486 1444 figiem
512 1361 683 1422 habet
707 1405 722 1431 ‚
766 1384 933 1443 quam
970 1362 1149 1443 vulgo
1187 1362 1317 1422 Diis·
1355 1363 1598 1424 artifices
1630 1385 1722 1424 ac-

292 1442 809 1506 commodaverunt
827 1489 846 1515 ,
877 1444 1148 1505 umbilico
1177 1447 1416 1506 maxime
1443 1445 1630 1506 similis
1654 1443 1721 1507 ess

291 1528 521 1589 habitus
542 1573 558 1592 ,
587 1525 881 1610 smaragdo
919 1532 978 1589 &
1008 1535 1246 1610 gemmis
1280 1548 1720 1610 coagmentatus.

292 1612 472 1673 Hunc
500 1634 627 1672 cum
663 1633 995 1693 responsum
1030 1613 1244 1693 petitur
1264 1616 1297 1681 ,’
1317 1613 1540 1693 navigio
1568 1635 1720 1672 aura-

291 1715 359 1756 to
395 1694 614 1777 gestant
644 1693 1002 1771 sacerdotes3
1039 1694 1228 1756 multis
1265 1701 1541 1776 argenteis
1572 1715 1718 1776 pate·

290 1781 366 1840 ris
400 1779 470 1839 ab
496 1800 743 1861 utroque
767 1780 976 1860 navigii
1002 1780 1175 1840 latere
1206 1779 1602 1859 pendentibus.
1629 1779 1716 1839 Se·

291 1883 548 1943 quuntur
594 1883 865 1923 matronae
909 1866 1301 1943 virginesque,
1345 1863 1530 1941 patrio
1572 1882 1717 1922 more

287 1945 647 2007 inconditum
687 1945 973 2027 quoddam
1007 1966 1233 2005 carmen
1269 1964 1533 2004 canentes
1555 1988 1571 2014 ‚
1609 1965 1717 2025 quc

286 2030 588 2109 propitiari
628 2029 831 2090 Jovem
884 2027 1126 2089 credunt
1159 2072 1177 2098 ,
1229 2047 1293 2087 ut
1338 2047 1558 2088 certum
1601 2025 1717 2087 edat

289 2113 607 2172 oraculum.
662 2111 749 2171 At
802 2132 923 2171 tum
978 2109 1209 2193 quidem
1260 2133 1451 2190 regern
1498 2111 1717 2191 propius

287 2194 593 2255 adeuntem
619 2195 892 2255 maximus
925 2215 1059 2253 natu
1096 2216 1127 2254 e
1158 2191 1543 2266 sacerdotibus
1546 2192 1724 2268 filium

286 2277 536 2357 appellat
557 2298 574 2348 3
597 2276 690 2332 hoc
714 2298 898 2331 nomen
923 2279 1008 2332 illi
1025 2294 1292 2358 parentem
1317 2282 1360 2336 J
1364 2296 1512 2331 ovem
1537 2273 1718 2331 redde·

286 2358 413 2416 dere
438 2359 736 2419 affirmans.
761 2356 937 2433 Illese
957 2380 1075 2414 vero
1097 2402 1113 2428 ,
1141 2363 1219 2419 ait
1245 2401 1259 2426 ‚
1299 2357 1362 2415 &a
1384 2358 1640 2438 accipere,
1663 2362 1718 2415 ἅ·

284 2463 555 2522 agnoscere
579 2465 600 2507 ,·
636 2443 893 2501 humanae
932 2438 1094 2501 sortis
1137 2439 1371 2500 oblitus·
1423 2439 1718 2500 Consuluit

284 2523 493 2586 deinde
520 2568 539 2596 ,
565 2545 637 2580 an
662 2527 813 2580 totins
839 2521 977 2580 orbis
1002 2526 1279 2604 imperinm
1291 2525 1427 2598 finis
1461 2521 1555 2578 sibi
1579 2520 1718 2599 defli-

283 2625 443 2663 naret
457 2625 611 2689 pater
633 2614 659 2661 ἓ
683 2604 889 2677 Vates,
912 2628 1071 2688 aeque
1091 2608 1145 2665 in
1169 2604 1550 2665 adulationem
1571 2627 1718 2666 com·

285 2692 509 2771 positus
529 2734 545 2759 ,
571 2706 839 2745 terrarum
865 2692 1097 2747 omnium
1124 2692 1352 2746 refforem
1368 2690 1478 2765 fore
1502 2687 1719 2764 ostendit.

282 2772 418 2837 Post
447 2774 569 2837 haec
611 2771 806 2836 institit
846 2794 1097 2858 quaerere
1126 2814 1145 2845 ,
1186 2793 1257 2830 απ
1299 2791 1468 2829 omnes
1499 2769 1718 2851 parentis
