1747 3063
342 127 444 192 ,460
619 112 1543 195 QUINTE-CURCE,·

343 216 735 295 exploratores
776 231 934 271 erant
964 211 1116 274 mille
1152 211 1326 275 ferme
1349 258 1365 285 ‚
1412 217 1510 296 qui
1542 214 1747 297 speciei}

341 298 578 379 agminis
614 300 804 375 magni
829 292 1098 354 fecerant.
1122 296 1352 377 Quippe
1378 298 1476 361 ubi
1501 299 1747 380 explorai

343 401 476 439 vera
501 398 615 436 non
651 397 920 457 possunt,
953 374 1088 437 falsa
1113 400 1214 458 per
1239 400 1450 444 metum
1482 401 1747 462 augentur

340 463 449 533 His
477 460 757 540 cognitis,
789 482 890 522 rex
926 481 1056 519 cum
1087 462 1281 541 paucis
1309 460 1535 531 suorum
1561 485 1747 525 assecu

338 564 431 602 tus
468 564 671 623 agmen
714 540 1113 625 refugientium
1140 543 1211 603 ad
1240 543 1367 605 suos
1387 565 1406 617 3
1441 545 1580 606 alios
1626 546 1745 607 ceci

336 626 457 694 dit,
496 625 631 684 alios
669 626 822 704 cepit
864 647 877 684 :
924 626 1259 707 equitesque
1300 629 1569 708 praemisit
1610 635 1745 690 simu

330 706 680 789 speculatum
705 731 723 782 3
748 707 910 766 simul
931 728 993 767 ut
1016 710 1203 790 ignem
1227 753 1241 779 ,
1270 732 1386 792 quo
1413 710 1637 771 barbari
1657 732 1744 772 cre

332 809 623 859 maverant
643 791 798 853 vicos
821 833 837 860 ‚
874 796 1289 872 extinguerent.
1306 794 1538 873 Quippe
1559 790 1742 875 fu‘gien

330 893 418 932 tes
442 875 643 952 raptim
662 874 820 933 tectis
837 879 1166 954 acervisque
1183 874 1450 936 frumenti
1466 878 1747 956 injecerant

330 954 585 1027 flammas
615 976 628 1014 ε
658 977 784 1036 quae
810 978 939 1015 cum
981 960 1036 1015 in
1078 954 1295 1017 summo
1331 959 1616 1018 haesissent
1640 1002 1658 1028 ‚
1705 981 1734 1018 a

329 1036 593 1110 inferiora
620 1038 874 1110 nondum
900 1058 1355 1119 penetraverant.
1382 1041 1651 1101 Extindio
1674 1043 1741 1122 igi

327 1126 569 1201 turigne
585 1164 602 1191 ,
624 1118 930 1200 plurimum
952 1118 1219 1182 frumenti
1238 1143 1526 1202 repertum
1551 1121 1627 1183 est
1651 1145 1737 1184 :cc

328 1205 418 1284 pia
437 1205 667 1272 aliarum
691 1224 922 1284 quoque
938 1226 1124 1262 rerum
1152 1204 1437 1266 abundare
1459 1226 1736 1287 coeperurr

329 1287 413 1346 Ea
437 1291 652 1366 reSIpsa
677 1286 922 1359 militiad
950 1286 1406 1366 persequendum
1427 1286 1642 1350 hostem
1668 1309 1732 1350 an.

330 1392 484 1443 mum
508 1367 1033 1448 incendit.Quippe
1062 1389 1258 1428 urente
1288 1373 1345 1428 &
1373 1369 1685 1450 populante
1706 1391 1731 1430 e

330 1471 538 1516 terram
561 1495 577 1521 ,
615 1449 985 1510 festinandum
1012 1471 1129 1511 erat
1154 1494 1170 1520 ‚
1195 1473 1264 1511 ne
1286 1453 1550 1516 incendio
1577 1453 1729 1513 cunei

330 1536 679 1614 praeriperet.
717 1532 786 1592 In
818 1535 1093 1594 rationem
1131 1555 1269 1615 ergo
1306 1537 1606 1595 necessitas
1640 1556 1727 1599 vei

327 1615 384 1675 sa
409 1640 422 1676 ε
456 1618 666 1698 quippe
696 1615 948 1683 Mazaeus
973 1661 987 1687 ,
1030 1617 1125 1696 qui
1153 1637 1316 1677 antea
1340 1639 1442 1698 per
1475 1619 1656 1678 otium
1684 1640 1719 1680 v

332 1722 431 1766 cos
459 1698 785 1759 incenderat
809 1719 828 1770 3
857 1702 965 1778 jam
994 1697 1187 1778 fugere
1222 1720 1526 1760 contentus
1547 1744 1562 1770 ‚
1589 1699 1722 1780 plen

329 1803 443 1863 que
479 1783 750 1841 inviolata
792 1783 945 1849 hosti
983 1782 1230 1863 reliquit.
1270 1782 1600 1844 Alexander
1625 1783 1718 1842 hat

333 1865 561 1946 longius
597 1885 827 1924 centum
863 1865 1269 1944 quinquaginta
1311 1863 1495 1924 stadiis
1533 1865 1712 1925 Dar-iu

332 1947 534 2008 abesse
560 1966 937 2027 compererat.
969 1946 1173 2028 Itaque
1203 1946 1271 2007 ad
1292 1945 1603 2007 satietatem
1631 1969 1716 2027 qu«

333 2052 447 2111 que
473 2031 636 2109 copia
666 2049 1086 2089 commeatuum
1112 2027 1406 2089 instrucius
1426 2073 1443 2100 ‚
1472 2027 1716 2112 quatridt

338 2114 394 2191 {in
421 2112 622 2174 eodem
650 2111 783 2177 loco
817 2109 1079 2181 substitit.

424 2358 768 2439 Interceptae
808 2356 1013 2419 deinde
1041 2359 1203 2419 Darii
1243 2357 1419 2418 literae
1454 2357 1617 2433 sunt3
1656 2379 1711 2441 qt

336 2442 442 2504 bus
468 2443 658 2502 Graeci
683 2442 882 2501 milites
912 2439 1359 2502 sollicitabantur
1380 2485 1396 2511 ,
1432 2458 1487 2497 ut
1509 2442 1710 2522 regemi

336 2527 619 2601 terficerent
640 2567 654 2593 ‚
682 2542 774 2579 ant
797 2522 1088 2604 proderent:
1115 2523 1510 2604 dubitavitque
1535 2566 1551 2592 ,
1588 2543 1711 2583 an'e

337 2630 442 2688 pro
468 2613 744 2668 concione
772 2607 1031 2667 recitaret
1052 2649 1067 2676 ,
1105 2604 1231 2667 satis
1264 2605 1509 2666 confisus
1532 2605 1711 2677 Graec‘*

335 2694 461 2761 irim
485 2711 715 2773 quoque
737 2711 867 2770 erga
889 2687 941 2748 se
966 2688 1380 2752 benevolentiae
1406 2710 1468 2748 ac
1487 2685 1641 2748 fidei.
1694 2698 1704 2763 [i

336 2766 630 2845 {Parmenio
657 2771 930 2834 deterruit
960 2791 981 2853 3
1026 2792 1127 2828 non
1171 2792 1269 2830 esse
1304 2769 1495 2829 talibus
1510 2763 1709 2853 promti}
