1747 3063
162 46 262 98 260
473 40 1344 101 SUPPLEMENTS‘

159 135 352 192 Armis
381 133 446 192 (ῥ’
469 133 677 193 viribus
705 138 759 191 in
786 133 1030 192 adversos
1059 135 1123 193 (ἢ
1151 134 1429 211 obsistentes
1465 149 1617 194 men}

165 214 295 272 dnm
335 259 350 286 ‚
404 238 566 297 neque
619 220 940 274 contumeliis
984 216 1338 298 pugnandum
1388 220 1443 295 in
1491 241 1567 276 eos
1591 261 1611 291 ‚

165 320 287 377 qnos
315 297 458 356 honis
488 301 745 378 malisque
777 296 957 373 nostris
973 298 1076 375 sna
1113 298 1220 357 dies
1246 302 1528 362 exemisset,

244 463 392 524 Sane
418 481 624 545 praeter
644 461 777 523 alias
803 462 1125 523 Memnonis
1150 465 1418 535 virtuteS,
1444 465 1614 528 etiam

161 547 480 607 moderatio
513 548 632 620 ejus
671 547 899 626 insignis
933 545 1073 616 fuit,
1116 569 1299 628 neque
1326 550 1473 607 enim
1512 571 1614 630 per

161 629 486 692 vecordiam
509 629 783 690 conviciis
803 628 1051 689 insectari
1073 629 1288 689 hostem
1317 630 1615 711 pulchrum

165 711 414 771 ducebat
442 755 458 781 ,
500 709 593 771 sed
637 713 846 773 virtute
890 717 949 772 &
994 714 1238 773 consiliis
1287 716 1432 773 vires
1467 714 1617 774 illius

163 797 496 875 animosque
533 794 904 855 contundere.
930 794 1118 876 Igitur
1150 818 1326 876 quum
1357 795 1616 878 aliquan-

165 877 243 936 do
280 879 334 936 in
373 878 592 958 agmine
634 878 936 957 quemdam
976 900 1047 937 ex
1077 880 1432 939 mercenariis
1471 900 1617 939 non*-

164 959 317 1020 nulla
360 960 772 1020 contumeliose
811 965 869 1020 ὃς
906 962 1225 1039 petulanter
1264 962 1319 1018 in
1358 960 1619 1022 Alexan-

167 1042 331 1102 drum
351 1044 650 1123 jacientem
674 1042 952 1112 audisset,
973 1042 1243 1102 conversa
1269 1041 1416 1102 hasta
1438 1045 1620 1105 homi-

168 1145 296 1185 nem
323 1127 582 1206 pulsans:
611 1131 744 1181 Non
767 1142 814 1181 te
838 1123 1070 1181 conduxi
1087 1171 1102 1189 ,
1137 1126 1318 1206 inquit
1336 1169 1353 1194 ,
1379 1144 1435 1181 nt
1458 1129 1621 1183 male-

167 1205 354 1264 diceres
380 1204 690 1266 Alexandro
711 1252 729 1278 ‚
763 1205 861 1284 fi’d
897 1225 955 1267 ut
988 1206 1239 1265 adversm
1270 1210 1423 1264 illum
1460 1208 1618 1278 dimi}

168 1310 324 1346 cares.

252 1371 434 1432 CAP.
470 1369 548 1430 X.
586 1368 813 1431 Interea
846 1372 1058 1432 obsessi
1090 1370 1308 1432 summo
1333 1366 1515 1431 studio
1539 1369 1620 1432 se-

167 1455 394 1515 curitati
435 1452 545 1512 suae
587 1452 953 1533 providentes
989 1498 1006 1523 ‚
1063 1476 1168 1534 pro
1212 1453 1402 1514 diruto
1453 1477 1618 1515 muro

164 1537 334 1596 alium
371 1538 697 1597 interiorem
731 1559 799 1597 ex
839 1538 1005 1597 coffi'to
1045 1537 1217 1597 latere
1258 1536 1620 1609 eduxerunt,-

167 1641 282 1678 non
308 1619 455 1680 recia
483 1621 712 1700 regione
737 1663 752 1689 ,
788 1618 880 1679 sed
908 1622 962 1678 in
1000 1621 1275 1679 nascentis
1297 1621 1443 1679 Iunae
1465 1617 1619 1699 figu-

153 1725 282 1764 sam
314 1705 594 1762 sinuatum
616 1745 632 1771 ,
670 1723 847 1783 eaque
873 1724 991 1772 res,
1029 1725 1205 1783 quum
1233 1705 1378 1761 inter
1403 1702 1629 1761 multos¹

164 1784 522 1847 distributum
561 1806 766 1843 munus
801 1805 990 1854 esset,
1036 1784 1324 1845 celerrime
1363 1781 1620 1845 confecia

167 1866 263 1927 est.
304 1868 477 1927 Hunc
526 1889 750 1928 murum
793 1866 1125 1927 Alexander
1170 1866 1396 1947 postero
1434 1865 1618 1926 statim

168 1950 258 2010 die
291 1951 562 2011 machinis
601 1971 860 2030 quassare
895 1952 1104 2030 coepit,
1134 1951 1247 2029 quo
1272 1954 1489 2009 minore
1515 1949 1622 2010 ne-

214 2034 332 2092 otio
360 2055 552 2093 recens
576 2032 757 2093 adhuc
783 2054 925 2113 opus
946 2030 1325 2092 labefaclaret.
1352 2031 1420 2092 In
1450 2054 1518 2092 eo
1543 2032 1622 2092 la·
1677 2089 1685 2095 .

170 2056 312 2176 {ore
344 2120 638 2196 occupatis
668 2114 1085 2176 Macedonibus
1107 2158 1122 2183 ,
1156 2116 1361 2174 iterum
1387 2137 1455 2174 ex
1481 2114 1621 2174 urbe

168 2197 357 2257 valida
405 2200 630 2276 eruptio
673 2198 814 2257 fac'ta
851 2196 927 2257 cst
960 2241 977 2266 ‚
1023 2200 1374 2278 cratiumque
1415 2197 1622 2277 quibus

171 2301 343 2360 opera
368 2279 709 2361 tegebantur
741 2280 994 2339 nonnihil
1024 2323 1038 2348 ,
1076 2283 1134 2338 ὃς
1167 2280 1328 2337 unius
1354 2281 1523 2338 turris
1556 2278 1623 2338 li-

144 2384 329 2445 *gneae
352 2382 566 2442 partem
584 2361 806 2423 flamma
828 2361 1276 2443 comprehendit.
1302 2362 1392 2420 Ne
1417 2361 1487 2421 ad
1528 2384 1623 2421 ce-
1664 2380 1667 2381 ’

168 2465 289 2505 tera
326 2467 496 2525 opera
541 2446 802 2504 transiret
841 2444 1165 2505 incendium
1199 2488 1214 2513 ,
1265 2443 1515 2504 Philotas
1558 2448 1619 2505 &

170 2527 505 2589 Hellanicus
542 2525 878 2587 obstiterunt
912 2571 929 2598 ,
970 2527 1173 2608 quibus
1211 2529 1265 2585 in
1301 2549 1423 2586 earn
1470 2525 1620 2588 diem

174 2611 556 2670 machinarum
597 2608 849 2670 custodia
885 2629 1126 2671 cesserat
1152 2653 1165 2677 ,
1204 2613 1262 2668 δε
1290 2608 1621 2668 Alexander

173 2703 390 2754 mature
422 2696 754 2776 compedius
773 2736 790 2764 ‚
821 2714 1041 2754 tantum
1068 2691 1455 2775 trepidationis
1481 2693 1620 2773 inje-
