1747 3063
251 55 352 122 ,ὢ
553 45 1424 115 ευΡΡιέΜΕΝτς

253 163 450 216 uerat,
492 143 753 226 illiusque
797 143 969 205 fidem
1012 146 1318 226 implorans
1359 148 1414 207 in
1459 145 1695 228 regnas

253 226 470 288 restitui
492 247 771 287 oraverat.
798 227 950 286 Nam
971 228 1365 290 Hecatomnus
1392 230 1576 292 Cariae
1597 255 1676 299 rer*¹

252 329 368 370 tres
389 307 535 367 filios
550 308 765 378 habuit,
783 307 919 369 duas
933 308 1074 370 filias
1092 333 1104 369 :
1122 332 1190 370 ex
1208 312 1410 392 quibus
1429 317 1635 374 maxim
1657 331 1659 333 ’

253 412 389 452 natu
415 390 708 450 Mausolus
737 390 1103 453 Artemisiam
1132 393 1369 474 <luxerat
1395 417 1405 454 :
1431 400 1615 456 minor
1630 410 1689 462 ef*

252 474 538 532 sororibus
562 472 694 533 Ada
716 470 872 534 fratri
896 474 1116 535 Hidreo
1141 479 1350 558 nupsit.
1389 477 1504 536 Sed
1530 478 1704 566 Mas}
1738 520 1747 571 h

254 555 382 615 solo
407 555 637 636 quidem
669 555 826 616 soror
858 557 1165 639 eademque
1205 563 1452 638 conjunx
1479 559 1640 622 succe
1739 605 1747 649 ἃ

258 640 334 697 sit
356 681 373 707 ,
411 660 567 701 more
601 642 785 719 gentis
814 684 829 709 ‚
874 663 987 722 quo
1032 643 1083 699 in
1119 643 1536 703 matrimonium
1571 657 1702 735 reg
1741 696 1747 728 fl

258 741 513 801 numque
539 719 734 782 sociari
766 720 845 781 fas
887 721 962 782 est
1001 723 1198 783 iisdem
1235 724 1564 806 parentibus
1599 721 1703 807 gei}

260 804 451 862 nitos:
491 823 547 863 at
591 804 885 887 postquam
928 806 1230 866 Artemisia
1277 806 1553 867 desiderio
1604 808 1696 877 deff

258 883 437 946 funeli
478 888 773 957 extabuit,
818 887 1069 948 Hidreus
1109 912 1286 970 regno
1330 891 1544 969 potitus
1577 933 1596 960 ‚
1632 893 1699 958 86

260 973 379 1028 sine
408 966 603 1028 sobole
631 991 887 1030 mortuus
906 1014 924 1040 ,
962 971 1112 1030 Adae
1138 971 1362 1053 reliquit
1388 974 1705 1053 imperium}

261 1051 432 1111 Hanc
465 1052 793 1112 Pexodarus
824 1052 1078 1133 expulit,
1116 1055 1212 1135 qui
1242 1076 1384 1114 unus
1410 1053 1479 1114 de
1511 1048 1707 1117 Heca-.-

263 1135 447 1194 tomni
468 1133 596 1192 filiis
625 1133 911 1215 supererat
943 1179 958 1204 ‚
995 1141 1053 1195 &
1082 1159 1400 1218 quanquam
1429 1142 1474 1197 is
1516 1136 1704 1199 deces-

265 1219 461 1286 sisset,
496 1216 726 1277 exclusa
764 1219 1061 1288 manebat,
1110 1220 1236 1299 quia
1280 1219 1707 1283 Orontobatem

266 1299 518 1359 nobilem
550 1299 777 1360 Persam
809 1300 1134 1360 Pexodarus
1172 1323 1440 1382 generum
1467 1302 1694 1380 adscive'

266 1401 356 1442 rat
379 1424 396 1452 ,
431 1402 495 1442 ut
520 1383 573 1440 in
605 1404 759 1442 novo
787 1387 843 1442 &
872 1388 929 1443 vi
959 1404 1124 1464 parto
1164 1385 1400 1464 imperio
1424 1383 1570 1446 illius
1591 1385 1713 1465 op'·

269 1464 378 1525 bus
411 1468 471 1524 &
497 1467 676 1546 gratia
701 1485 1135 1545 protegeretur:
1175 1486 1344 1547 atque
1385 1465 1478 1526 ille
1508 1465 1710 1529 exstina

270 1549 365 1609 ἃο
385 1545 584 1609 socero
603 1591 621 1620 ‚
647 1549 805 1612 velut
830 1548 1021 1610 dotale
1042 1571 1280 1630 regnum
1308 1550 1608 1611 retinebat.
1655 1550 1695 1613 [²
1733 1559 1736 1561 *

376 1873 521 1937 Eam
567 1878 823 1956 injuriam
881 1876 1184 1957 deplorans
1234 1876 1437 1938 mulier
1471 1918 1488 1946 ‚
1551 1879 1717 1937 simu

273 1957 503 2021 Alindis
554 1960 760 2022 deditis
805 1967 832 2035 (
869 1961 1295 2021 munitissimum
1334 1960 1392 2019 id
1432 1956 1714 2020 castellum

272 2048 439 2121 erat)
466 2045 791 2125 impetravit
816 2088 832 2114 ,
867 2063 930 2102 ut
956 2065 1160 2103 nomen
1191 2041 1294 2104 filii
1317 2042 1475 2124 quod
1502 2039 1716 2102 defere-

275 2125 412 2195 bat,
453 2127 654 2188 lubens
698 2128 980 2206 acciperet
1009 2168 1026 2194 ‚
1068 2123 1460 2206 strenuamque
1490 2125 1539 2184 ei
1574 2145 1712 2204 ope-

273 2229 391 2266 ram
419 2208 488 2267 ad
522 2212 766 2289 antiquae
796 2209 1082 2290 dignitatis
1108 2206 1280 2266 decus
1314 2228 1531 2266 mature
1567 2207 1719 2266 reci-1

269 2289 542 2370 piendum
585 2292 970 2372 polliceretur.
1012 2289 1218 2369 Neque
1261 2291 1538 2369 promisso
1575 2287 1714 2349 fides

271 2371 509 2444 defuit3
557 2374 990 2455 expugnataque
1031 2370 1233 2430 deinde
1278 2371 1708 2443 Halicarna580‚

272 2473 453 2514 totam
480 2456 557 2516 illi
592 2458 820 2516 Cariam
853 2476 1046 2537 parere
1084 2456 1258 2533 jussit.
1294 2452 1537 2513 Jnterim
1574 2451 1713 2518 fama

274 2537 519 2618 benigne
570 2558 824 2619 exceptae
879 2539 1087 2616 reginae
1136 2559 1234 2617 per
1266 2535 1512 2596 ’omnem
1560 2533 1739 2622 illum}

275 2622 517 2680 tradium
554 2621 754 2681 diffusa
782 2665 797 2690 ‚
846 2619 1048 2678 multas
1086 2621 1343 2680 civitates
1383 2615 1728 2676 Alexandro&

270 2700 597 2767 ¹conciliavit
635 2725 655 2779 3
702 2726 826 2766 nam
870 2702 1155 2785 pleraeque
1201 2725 1231 2763 a
1263 2701 1582 2765 necessariis
1620 2714 1747 2762 aut*¹
