1747 3063
227 66 494 133 zIVR'E
530 70 626 126 JV.
676 66 1126 124 CHAPITRE
1159 73 1239 123 II.
1373 48 1488 140 39?

0 169 6 197 '¹
56 162 358 226 erfuerant
385 193 422 233 ‚1
450 184 581 221 cum
608 161 760 219 omni
784 182 986 228 mann,
1025 180 1150 240 quae
1173 157 1471 239 fugientes

0 247 12 266 ''
44 220 421 316 'ecutaf‘erat‘2
465 261 706 304 assumta
749 247 917 303 etiam
955 240 1363 322 Cappadocum
1408 245 1469 300 &

0 371 6 402 ἱ
45 326 457 408 aphlagonum
479 329 773 403 juventute
793 369 812 394 ‚
852 323 1098 407 Lydiam
1130 343 1462 403 recuperare

0 440 13 467 ι
46 409 347 472 tentabant.
384 409 709 487 Antigonus
748 425 956 488 praetor
992 405 1308 467 Alexandri
1345 405 1465 486 Ly-

1 490 139 550 ‘'⁸ae
164 506 441 570 praeerat:
486 491 623 569 qui,
663 510 984 569 quanquam
1012 488 1313 569 plerosque
1349 491 1464 546 mia

3 621 8 636 ,
39 574 192 637 istum
216 592 286 630 ex
317 572 585 652 praesidiis
613 569 684 629 ad
713 592 903 650 regem
927 570 1246 641 dimiserat3
1273 589 1462 629 tamen

38 654 288 713 arbaris
308 653 501 735 spretis
522 697 539 722 ‚
573 654 627 711 in
654 652 829 712 aciem
851 650 977 710 suos
1001 652 1216 712 eduxit.
1242 650 1459 710 Eadem

0 773 6 807 f
35 735 143 796 nic
169 755 397 816 quoque
420 731 645 794 fortuna
669 738 911 813 partium
940 732 1045 792 fuit
1070 755 1083 792 :
1110 734 1290 794 tribus
1309 755 1459 814 prae-

39 819 119 879 'iis
151 818 254 876 alia
291 836 461 897 atque
496 816 607 877 alia
638 817 868 895 regione
900 816 1211 875 commissis
1237 857 1254 883 ‚
1276 815 1459 884 Persae

54 897 358 970 unduntur.
396 896 619 959 Eodem
650 916 906 977 tempore
948 895 1138 956 classis
1181 896 1456 956 Macedo-

33 1001 162 1055 -um
189 1002 259 1040 ex
284 981 505 1039 Graecia
539 981 716 1040 accita
736 1022 756 1049 ‚
799 975 1195 1039 Aristomenen
1218 1021 1233 1046 ,
1262 979 1359 1058 qui
1383 977 1455 1037 ad

32 1084 39 1111 ἰ
63 1079 67 1083 “
92 1060 387 1142 ellesponti
411 1082 566 1121 oram
599 1057 1035 1141 recuperandam
1064 1081 1097 1117 va
1122 1059 1303 1120 Dario
1337 1079 1456 1119 erar

87 1144 221 1204 issus
241 1187 260 1214 ,
301 1144 477 1225 captis
506 1145 621 1222 ejus
651 1162 748 1204 aut
768 1142 959 1202 mersis
984 1140 1221 1203 navibus
1240 1185 1258 1212 ‚
1283 1140 1456 1222 supe-

46 1243 129 1285 2at.
167 1224 221 1284 A
245 1225 478 1285 Milesiis
513 1225 714 1285 deinde
747 1222 1138 1284 Pharnabazus
1161 1223 1458 1304 praefectus

28 1309 259 1367 '‘e'rsicae
291 1308 476 1368 classis
499 1311 738 1386 pecunia
763 1307 953 1366 exaC'ra
977 1349 993 1375 ,
1028 1310 1086 1366 &
1111 1307 1371 1386 praesidio
1392 1312 1451 1366 in

28 1389 224 1449 urbem
269 1390 477 1451 Chium
520 1388 847 1448 introducio
878 1431 896 1458 ,
947 1407 1173 1447 centum
1218 1389 1455 1449 navibus

28 1470 288 1531 Andrum
311 1514 327 1541 ‚
366 1476 426 1532 &
458 1471 588 1531 inde
626 1470 921 1552 Syphnum
954 1471 1134 1550 petiit.
1171 1469 1281 1529 Eas
1306 1491 1452 1552 quo-

26 1573 133 1634 que
158 1552 361 1615 insulas
397 1552 668 1636 praesidiis
701 1572 946 1633 occupat
964 1572 985 1625 3
1021 1553 1260 1633 pecunia
1297 1551 1455 1624 muh

28 1652 121 1693 tat.
766 1690 770 1693 .

29 1712 46 1750 ·’
113 1713 456 1795 Magnitudo
490 1714 661 1785 belli,
703 1715 861 1796 quod
904 1716 988 1790 ab
1015 1714 1450 1796 opulentissimis

66 1818 264 1875 uropae
288 1796 555 1877 Asiaeque
582 1798 808 1876 regibus
832 1842 847 1867 ‚
874 1800 928 1857 in
954 1796 1103 1878 spem
1128 1799 1303 1858 totius
1344 1819 1448 1856 or-

27 1876 108 1936 bis
157 1877 474 1957 occupandi
516 1881 817 1960 gerebatur
861 1922 876 1948 ,
938 1880 1173 1939 Graeciae
1218 1900 1449 1959 quoque

32 1989 66 2034 ⁸.
101 1957 291 2019 Cretae
324 1982 472 2021 arma
507 1981 913 2021 commoverat.
950 1963 1095 2041 Agis
1115 2004 1133 2031 ‚
1176 1961 1449 2021 Lacedae—

18 2076 21 2091 =
74 2045 333 2102 oniorum
357 2064 456 2101 rex
475 2086 493 2112 ,
527 2045 657 2101 odio
682 2042 925 2103 miiiibus
950 2045 1284 2103 Graecorum
1303 2087 1321 2113 ,
1346 2043 1444 2123 qui

17 2128 86 2180 'x
113 2123 314 2182 Cilicia
336 2123 564 2203 profugi
589 2123 788 2183 domos
812 2127 1149 2203 reperierant
1169 2169 1185 2195 ,
1215 2144 1447 2185 contra-

33 2281 37 2286 Ι
71 2205 144 2272 is,
188 2204 400 2265 bellum
436 2206 746 2285 Antipatro
785 2206 1137 2268 Macedoniae
1175 2206 1444 2287 praefefio

72 2285 367 2345 oiiebatur.
403 2287 704 2347 Cretenses
735 2288 831 2346 has
865 2309 961 2348 aut
991 2288 1111 2347 ilias
1136 2309 1319 2369 partes
1355 2288 1444 2347 se-

13 2369 165 2446 guti,
201 2387 352 2426 nunc
391 2369 831 2448 Spartanorum,
870 2391 1020 2431 nunc
1055 2370 1442 2430 Macedonum

9 2448 276 2558 ιτεείἀὼ
301 2450 744 2530 occupabantur.
766 2451 880 2510 Sed
903 2450 1119 2514 leviora
1138 2454 1284 2513 inter
1303 2451 1443 2511 alios

37 2551 164 2590 uere
190 2529 505 2592 discrimina
523 2575 539 2600 ‚
576 2554 747 2591 unum
774 2553 1055 2594 certamen
1073 2576 1091 2605 ‚
1121 2556 1191 2594 ex
1218 2556 1334 2616 quo
1353 2555 1441 2594 ce-

15 2628 126 2680 tera
151 2612 436 2692 pendebat
455 2656 472 2682 ,
510 2615 765 2675 intuente
795 2615 1042 2676 fortuna.

94 2692 278 2766 ΕΑΡ.
314 2693 418 2757 ΙΙ.
456 2696 579 2759 Jam
620 2715 742 2759 tota
778 2698 938 2781 Syria
961 2741 979 2771 ,
1019 2701 1130 2778 jam
1166 2695 1435 2788 Phoenice

1128 2796 1240 2850 Riv
