<?xml version="1.0" encoding="UTF-8"?>
<!DOCTYPE html PUBLIC "-//W3C//DTD XHTML 1.0 Transitional//EN"
    "http://www.w3.org/TR/xhtml1/DTD/xhtml1-transitional.dtd">
<html xmlns="http://www.w3.org/1999/xhtml" xml:lang="en" lang="en">
 <head>
  <title>
</title>
<meta http-equiv="Content-Type" content="text/html;charset=utf-8" />
  <meta name='ocr-system' content='tesseract 3.04.00' />
  <meta name='ocr-capabilities' content='ocr_page ocr_carea ocr_par ocr_line ocrx_word'/>
</head>
<body>
  <div class='ocr_page' id='page_1' title='image "./histoiredalexand01curt_0250.png"; bbox 0 0 1747 3063; ppageno 0'>
   <div class='ocr_carea' id='block_1_1' title="bbox 1712 0 1747 3063">
    <p class='ocr_par' dir='ltr' id='par_1_1' title="bbox 1712 0 1747 3063">
     <span class='ocr_line' id='line_1_1' title="bbox 1712 0 1747 337; baseline 0 -67"><span class='ocrx_word' id='word_1_1' title='bbox 1712 0 1747 337; x_wconf 95' lang='lat' dir='ltr'>   </span> 
     </span>
     <span class='ocr_line' id='line_1_2' title="bbox 1712 337 1747 3063; baseline 0 -2622"><span class='ocrx_word' id='word_1_2' title='bbox 1712 337 1747 3063; x_wconf 95' lang='lat' dir='ltr'>  </span> 
     </span>
    </p>
   </div>
   <div class='ocr_carea' id='block_1_2' title="bbox 265 40 1454 112">
    <p class='ocr_par' dir='ltr' id='par_1_2' title="bbox 265 40 1454 112">
     <span class='ocr_line' id='line_1_3' title="bbox 265 40 1454 112; baseline 0.003 -13"><span class='ocrx_word' id='word_1_3' title='bbox 265 64 363 112; x_wconf 65' lang='lat'>240</span> <span class='ocrx_word' id='word_1_4' title='bbox 586 40 1454 103; x_wconf 67' lang='lat' dir='ltr'><em>SUPPLEMENTS</em></span> 
     </span>
    </p>
   </div>
   <div class='ocr_carea' id='block_1_3' title="bbox 176 133 1733 2356">
    <p class='ocr_par' dir='ltr' id='par_1_3' title="bbox 176 133 1733 937">
     <span class='ocr_line' id='line_1_4' title="bbox 176 133 1733 220; baseline 0.003 -25"><span class='ocrx_word' id='word_1_5' title='bbox 176 145 178 147; x_wconf 81' lang='grc'><strong>’</strong></span> <span class='ocrx_word' id='word_1_6' title='bbox 249 158 316 195; x_wconf 75' lang='lat' dir='ltr'>ut</span> <span class='ocrx_word' id='word_1_7' title='bbox 339 134 690 197; x_wconf 78' lang='lat' dir='ltr'>exscendere</span> <span class='ocrx_word' id='word_1_8' title='bbox 738 135 998 201; x_wconf 72' lang='lat' dir='ltr'>volentes</span> <span class='ocrx_word' id='word_1_9' title='bbox 1038 135 1400 197; x_wconf 82' lang='lat' dir='ltr'>submoveret</span> <span class='ocrx_word' id='word_1_10' title='bbox 1435 180 1451 207; x_wconf 93' lang='lat'><strong><em>,</em></strong></span> <span class='ocrx_word' id='word_1_11' title='bbox 1507 133 1733 220; x_wconf 60' lang='lat' dir='ltr'>neque&#39;ssj</span> 
     </span>
     <span class='ocr_line' id='line_1_5' title="bbox 242 210 1732 298; baseline 0.001 -18"><span class='ocrx_word' id='word_1_12' title='bbox 242 220 447 298; x_wconf 73' lang='lat' dir='ltr'>,aquari</span> <span class='ocrx_word' id='word_1_13' title='bbox 469 219 742 298; x_wconf 80' lang='lat' dir='ltr'>lignarive</span> <span class='ocrx_word' id='word_1_14' title='bbox 768 261 786 287; x_wconf 86' lang='lat'>‚</span> <span class='ocrx_word' id='word_1_15' title='bbox 825 239 920 277; x_wconf 86' lang='lat' dir='ltr'>aut</span> <span class='ocrx_word' id='word_1_16' title='bbox 947 237 1131 277; x_wconf 88' lang='lat' dir='ltr'>cetera</span> <span class='ocrx_word' id='word_1_17' title='bbox 1168 221 1471 279; x_wconf 81' lang='lat' dir='ltr'>necessaria</span> <span class='ocrx_word' id='word_1_18' title='bbox 1495 219 1524 280; x_wconf 82' lang='grc' dir='ltr'>ὲ</span> <span class='ocrx_word' id='word_1_19' title='bbox 1546 210 1732 281; x_wconf 39' lang='lat' dir='ltr'>terrast</span> 
     </span>
     <span class='ocr_line' id='line_1_6' title="bbox 251 299 1731 382; baseline 0.003 -24"><span class='ocrx_word' id='word_1_20' title='bbox 251 322 445 382; x_wconf 86' lang='lat' dir='ltr'>petere</span> <span class='ocrx_word' id='word_1_21' title='bbox 480 302 853 381; x_wconf 82' lang='lat' dir='ltr'>permitteret.</span> <span class='ocrx_word' id='word_1_22' title='bbox 894 299 976 358; x_wconf 84' lang='lat' dir='ltr'>Ea</span> <span class='ocrx_word' id='word_1_23' title='bbox 1020 322 1105 358; x_wconf 89' lang='lat' dir='ltr'>res</span> <span class='ocrx_word' id='word_1_24' title='bbox 1147 300 1417 360; x_wconf 86' lang='lat' dir='ltr'>barbaros</span> <span class='ocrx_word' id='word_1_25' title='bbox 1441 305 1497 361; x_wconf 90' lang='lat' dir='ltr'>in</span> <span class='ocrx_word' id='word_1_26' title='bbox 1527 305 1731 371; x_wconf 51' lang='lat' dir='ltr'>maxi-2}</span> 
     </span>
     <span class='ocr_line' id='line_1_7' title="bbox 250 381 1731 461; baseline 0.002 -20"><span class='ocrx_word' id='word_1_27' title='bbox 250 405 367 442; x_wconf 86' lang='lat' dir='ltr'>mas</span> <span class='ocrx_word' id='word_1_28' title='bbox 393 381 667 461; x_wconf 80' lang='lat' dir='ltr'>angustias</span> <span class='ocrx_word' id='word_1_29' title='bbox 695 384 977 460; x_wconf 84' lang='lat' dir='ltr'>conjecit:</span> <span class='ocrx_word' id='word_1_30' title='bbox 1013 382 1251 441; x_wconf 76' lang='lat' dir='ltr'>obsessis</span> <span class='ocrx_word' id='word_1_31' title='bbox 1289 383 1491 444; x_wconf 82' lang='lat' dir='ltr'>similes</span> <span class='ocrx_word' id='word_1_32' title='bbox 1523 386 1696 444; x_wconf 88' lang='lat' dir='ltr'>haere-</span> <span class='ocrx_word' id='word_1_33' title='bbox 1716 392 1731 461; x_wconf 58' lang='lat' dir='ltr'>,ss</span> 
     </span>
     <span class='ocr_line' id='line_1_8' title="bbox 251 466 1730 544; baseline 0.003 -19"><span class='ocrx_word' id='word_1_34' title='bbox 251 466 387 525; x_wconf 76' lang='lat' dir='ltr'>bant</span> <span class='ocrx_word' id='word_1_35' title='bbox 418 467 469 522; x_wconf 88' lang='lat' dir='ltr'>in</span> <span class='ocrx_word' id='word_1_36' title='bbox 495 484 666 543; x_wconf 89' lang='lat' dir='ltr'>portu</span> <span class='ocrx_word' id='word_1_37' title='bbox 690 507 704 532; x_wconf 86' lang='lat'><strong><em>,</em></strong></span> <span class='ocrx_word' id='word_1_38' title='bbox 741 486 924 544; x_wconf 87' lang='lat' dir='ltr'>neque</span> <span class='ocrx_word' id='word_1_39' title='bbox 950 483 1156 524; x_wconf 89' lang='lat' dir='ltr'>terram</span> <span class='ocrx_word' id='word_1_40' title='bbox 1185 466 1282 524; x_wconf 87' lang='lat' dir='ltr'>ubi</span> <span class='ocrx_word' id='word_1_41' title='bbox 1312 466 1582 527; x_wconf 88' lang='lat' dir='ltr'>volebant</span> <span class='ocrx_word' id='word_1_42' title='bbox 1605 490 1698 528; x_wconf 85' lang='lat' dir='ltr'>ca·</span> <span class='ocrx_word' id='word_1_43' title='bbox 1720 469 1730 499; x_wconf 73' lang='grc'>·’</span> 
     </span>
     <span class='ocr_line' id='line_1_9' title="bbox 250 546 1729 628; baseline 0.003 -23"><span class='ocrx_word' id='word_1_44' title='bbox 250 569 383 628; x_wconf 78' lang='lat' dir='ltr'>pere</span> <span class='ocrx_word' id='word_1_45' title='bbox 401 590 417 616; x_wconf 84' lang='lat'><em>‚</em></span> <span class='ocrx_word' id='word_1_46' title='bbox 442 565 537 605; x_wconf 86' lang='lat' dir='ltr'>aut</span> <span class='ocrx_word' id='word_1_47' title='bbox 562 551 885 607; x_wconf 84' lang='lat' dir='ltr'>necessariis</span> <span class='ocrx_word' id='word_1_48' title='bbox 911 546 1077 605; x_wconf 89' lang='lat' dir='ltr'>rebus</span> <span class='ocrx_word' id='word_1_49' title='bbox 1105 546 1259 607; x_wconf 83' lang='lat' dir='ltr'>refici</span> <span class='ocrx_word' id='word_1_50' title='bbox 1279 567 1565 628; x_wconf 84' lang='lat' dir='ltr'>poterant.</span> <span class='ocrx_word' id='word_1_51' title='bbox 1586 548 1729 626; x_wconf 64' lang='lat' dir='ltr'>Ita-j?</span> 
     </span>
     <span class='ocr_line' id='line_1_10' title="bbox 250 628 1697 710; baseline 0.003 -23"><span class='ocrx_word' id='word_1_52' title='bbox 250 652 360 710; x_wconf 77' lang='lat' dir='ltr'>que</span> <span class='ocrx_word' id='word_1_53' title='bbox 395 628 633 688; x_wconf 85' lang='lat' dir='ltr'>consilio</span> <span class='ocrx_word' id='word_1_54' title='bbox 660 629 855 688; x_wconf 89' lang='lat' dir='ltr'>habito</span> <span class='ocrx_word' id='word_1_55' title='bbox 880 671 896 697; x_wconf 87' lang='grc'>,</span> <span class='ocrx_word' id='word_1_56' title='bbox 932 630 1162 688; x_wconf 83' lang='lat' dir='ltr'>Samum</span> <span class='ocrx_word' id='word_1_57' title='bbox 1196 650 1521 691; x_wconf 85' lang='lat' dir='ltr'>averterunt</span> <span class='ocrx_word' id='word_1_58' title='bbox 1557 654 1697 692; x_wconf 86' lang='lat' dir='ltr'>cur-</span> 
     </span>
     <span class='ocr_line' id='line_1_11' title="bbox 249 711 1728 792; baseline 0.003 -23"><span class='ocrx_word' id='word_1_59' title='bbox 249 734 372 770; x_wconf 81' lang='lat' dir='ltr'>sum</span> <span class='ocrx_word' id='word_1_60' title='bbox 396 755 410 781; x_wconf 89' lang='lat'>,</span> <span class='ocrx_word' id='word_1_61' title='bbox 437 712 735 792; x_wconf 85' lang='lat' dir='ltr'>petitoque</span> <span class='ocrx_word' id='word_1_62' title='bbox 760 711 889 771; x_wconf 85' lang='lat' dir='ltr'>inde</span> <span class='ocrx_word' id='word_1_63' title='bbox 912 724 1233 772; x_wconf 77' lang='lat' dir='ltr'>commeatu</span> <span class='ocrx_word' id='word_1_64' title='bbox 1259 746 1278 782; x_wconf 46' lang='grc'>’,</span> <span class='ocrx_word' id='word_1_65' title='bbox 1316 713 1576 772; x_wconf 88' lang='lat' dir='ltr'>Miletum</span> <span class='ocrx_word' id='word_1_66' title='bbox 1604 736 1695 774; x_wconf 88' lang='lat' dir='ltr'>re·</span> <span class='ocrx_word' id='word_1_67' title='bbox 1722 736 1728 765; x_wconf 87' lang='lat'>·‚</span> 
     </span>
     <span class='ocr_line' id='line_1_12' title="bbox 252 792 1710 875; baseline -0.001 -19"><span class='ocrx_word' id='word_1_68' title='bbox 252 795 396 856; x_wconf 69' lang='lat' dir='ltr'>veffi</span> <span class='ocrx_word' id='word_1_69' title='bbox 430 814 557 854; x_wconf 87' lang='lat' dir='ltr'>ante</span> <span class='ocrx_word' id='word_1_70' title='bbox 595 793 794 854; x_wconf 88' lang='lat' dir='ltr'>ostium</span> <span class='ocrx_word' id='word_1_71' title='bbox 826 796 1023 875; x_wconf 65' lang='lat' dir='ltr'>portus</span> <span class='ocrx_word' id='word_1_72' title='bbox 1056 792 1314 855; x_wconf 68' lang='lat' dir='ltr'>instrucsta</span> <span class='ocrx_word' id='word_1_73' title='bbox 1340 797 1456 859; x_wconf 88' lang='lat' dir='ltr'>acie</span> <span class='ocrx_word' id='word_1_74' title='bbox 1496 795 1710 868; x_wconf 76' lang='lat' dir='ltr'>consti-j</span> 
     </span>
     <span class='ocr_line' id='line_1_13' title="bbox 248 896 460 937; baseline 0 0"><span class='ocrx_word' id='word_1_75' title='bbox 248 896 460 937; x_wconf 72' lang='lat' dir='ltr'>terunt.</span> 
     </span>
    </p>

    <p class='ocr_par' dir='ltr' id='par_1_4' title="bbox 251 956 1718 2356">
     <span class='ocr_line' id='line_1_14' title="bbox 337 956 1695 1040; baseline 0.001 -22"><span class='ocrx_word' id='word_1_76' title='bbox 337 958 497 1018; x_wconf 83' lang='lat' dir='ltr'><strong>Inter</strong></span> <span class='ocrx_word' id='word_1_77' title='bbox 519 959 671 1029; x_wconf 80' lang='lat' dir='ltr'>haec,</span> <span class='ocrx_word' id='word_1_78' title='bbox 697 960 945 1039; x_wconf 81' lang='lat' dir='ltr'>quinque</span> <span class='ocrx_word' id='word_1_79' title='bbox 979 956 1269 1018; x_wconf 83' lang='lat' dir='ltr'>Persarum</span> <span class='ocrx_word' id='word_1_80' title='bbox 1298 980 1465 1020; x_wconf 90' lang='lat' dir='ltr'>naves</span> <span class='ocrx_word' id='word_1_81' title='bbox 1486 964 1540 1020; x_wconf 86' lang='lat' dir='ltr'>in</span> <span class='ocrx_word' id='word_1_82' title='bbox 1562 981 1695 1040; x_wconf 81' lang='lat' dir='ltr'>por·</span> 
     </span>
     <span class='ocr_line' id='line_1_15' title="bbox 251 1040 1692 1123; baseline 0.002 -23"><span class='ocrx_word' id='word_1_83' title='bbox 251 1062 313 1101; x_wconf 88' lang='lat' dir='ltr'>tu</span> <span class='ocrx_word' id='word_1_84' title='bbox 336 1041 583 1123; x_wconf 85' lang='lat' dir='ltr'>quodam</span> <span class='ocrx_word' id='word_1_85' title='bbox 608 1045 702 1120; x_wconf 84' lang='lat' dir='ltr'>qui</span> <span class='ocrx_word' id='word_1_86' title='bbox 726 1045 869 1101; x_wconf 86' lang='lat' dir='ltr'>inter</span> <span class='ocrx_word' id='word_1_87' title='bbox 892 1063 1121 1120; x_wconf 85' lang='lat' dir='ltr'>parvam</span> <span class='ocrx_word' id='word_1_88' title='bbox 1147 1040 1300 1101; x_wconf 83' lang='lat' dir='ltr'>illam</span> <span class='ocrx_word' id='word_1_89' title='bbox 1321 1042 1556 1101; x_wconf 86' lang='lat' dir='ltr'>insulam</span> <span class='ocrx_word' id='word_1_90' title='bbox 1575 1085 1591 1111; x_wconf 86' lang='lat'>‚</span> <span class='ocrx_word' id='word_1_91' title='bbox 1620 1043 1692 1103; x_wconf 88' lang='lat' dir='ltr'>de</span> 
     </span>
     <span class='ocr_line' id='line_1_16' title="bbox 252 1121 1693 1205; baseline 0.001 -23"><span class='ocrx_word' id='word_1_92' title='bbox 252 1147 361 1205; x_wconf 82' lang='lat' dir='ltr'>qua</span> <span class='ocrx_word' id='word_1_93' title='bbox 387 1124 547 1204; x_wconf 86' lang='lat' dir='ltr'>supra</span> <span class='ocrx_word' id='word_1_94' title='bbox 575 1123 787 1183; x_wconf 67' lang='lat' dir='ltr'>dictum</span> <span class='ocrx_word' id='word_1_95' title='bbox 813 1121 888 1181; x_wconf 85' lang='lat' dir='ltr'>est</span> <span class='ocrx_word' id='word_1_96' title='bbox 907 1166 920 1190; x_wconf 84' lang='lat'>‚</span> <span class='ocrx_word' id='word_1_97' title='bbox 947 1126 1004 1182; x_wconf 66' lang='grc' dir='ltr'>ὃς</span> <span class='ocrx_word' id='word_1_98' title='bbox 1040 1121 1332 1183; x_wconf 87' lang='lat' dir='ltr'>stationem</span> <span class='ocrx_word' id='word_1_99' title='bbox 1362 1124 1693 1185; x_wconf 82' lang='lat' dir='ltr'>Macedoni-</span> 
     </span>
     <span class='ocr_line' id='line_1_17' title="bbox 251 1205 1707 1288; baseline 0.003 -23"><span class='ocrx_word' id='word_1_100' title='bbox 251 1229 333 1266; x_wconf 78' lang='lat' dir='ltr'>cae</span> <span class='ocrx_word' id='word_1_101' title='bbox 362 1207 547 1267; x_wconf 88' lang='lat' dir='ltr'>classis</span> <span class='ocrx_word' id='word_1_102' title='bbox 579 1206 794 1266; x_wconf 87' lang='lat' dir='ltr'>medius</span> <span class='ocrx_word' id='word_1_103' title='bbox 829 1225 980 1273; x_wconf 84' lang='lat' dir='ltr'>erat,</span> <span class='ocrx_word' id='word_1_104' title='bbox 1009 1206 1182 1265; x_wconf 81' lang='lat' dir='ltr'>multa</span> <span class='ocrx_word' id='word_1_105' title='bbox 1209 1205 1447 1267; x_wconf 84' lang='lat' dir='ltr'>hostium</span> <span class='ocrx_word' id='word_1_106' title='bbox 1471 1210 1707 1288; x_wconf 59' lang='lat' dir='ltr'>navigia⁴</span> 
     </span>
     <span class='ocr_line' id='line_1_18' title="bbox 251 1285 1708 1370; baseline 0.003 -23"><span class='ocrx_word' id='word_1_107' title='bbox 251 1292 564 1370; x_wconf 84' lang='lat' dir='ltr'>conspicati</span> <span class='ocrx_word' id='word_1_108' title='bbox 588 1287 765 1368; x_wconf 85' lang='lat' dir='ltr'>plenis</span> <span class='ocrx_word' id='word_1_109' title='bbox 789 1287 926 1347; x_wconf 88' lang='lat' dir='ltr'>velis</span> <span class='ocrx_word' id='word_1_110' title='bbox 955 1287 1021 1345; x_wconf 72' lang='lat' dir='ltr'>eo</span> <span class='ocrx_word' id='word_1_111' title='bbox 1054 1285 1409 1347; x_wconf 80' lang='lat' dir='ltr'>ferebantur:</span> <span class='ocrx_word' id='word_1_112' title='bbox 1434 1310 1559 1349; x_wconf 87' lang='lat' dir='ltr'>narn</span> <span class='ocrx_word' id='word_1_113' title='bbox 1580 1313 1708 1351; x_wconf 80' lang='lat' dir='ltr'>ma-·</span> 
     </span>
     <span class='ocr_line' id='line_1_19' title="bbox 252 1369 1718 1452; baseline 0.001 -20"><span class='ocrx_word' id='word_1_114' title='bbox 252 1377 459 1432; x_wconf 73' lang='lat' dir='ltr'>ximam</span> <span class='ocrx_word' id='word_1_115' title='bbox 489 1369 771 1429; x_wconf 86' lang='lat' dir='ltr'>sociorum</span> <span class='ocrx_word' id='word_1_116' title='bbox 804 1372 1080 1429; x_wconf 75' lang='lat' dir='ltr'>navalium</span> <span class='ocrx_word' id='word_1_117' title='bbox 1124 1390 1339 1452; x_wconf 71' lang='lat' dir='ltr'>partem</span> <span class='ocrx_word' id='word_1_118' title='bbox 1385 1371 1461 1430; x_wconf 89' lang='lat' dir='ltr'>ob</span> <span class='ocrx_word' id='word_1_119' title='bbox 1506 1378 1718 1434; x_wconf 80' lang='lat' dir='ltr'>varios-</span> 
     </span>
     <span class='ocr_line' id='line_1_20' title="bbox 256 1454 1692 1533; baseline 0.001 -20"><span class='ocrx_word' id='word_1_120' title='bbox 256 1476 384 1513; x_wconf 81' lang='lat' dir='ltr'>usus</span> <span class='ocrx_word' id='word_1_121' title='bbox 408 1454 598 1513; x_wconf 86' lang='lat' dir='ltr'>abesse</span> <span class='ocrx_word' id='word_1_122' title='bbox 619 1456 1010 1532; x_wconf 79' lang='lat' dir='ltr'>conjecerant3</span> <span class='ocrx_word' id='word_1_123' title='bbox 1031 1475 1447 1533; x_wconf 73' lang='lat' dir='ltr'>vacuarumque</span> <span class='ocrx_word' id='word_1_124' title='bbox 1465 1456 1692 1516; x_wconf 87' lang='lat' dir='ltr'>navium</span> 
     </span>
     <span class='ocr_line' id='line_1_21' title="bbox 253 1533 1701 1613; baseline 0.001 -19"><span class='ocrx_word' id='word_1_125' title='bbox 253 1536 404 1595; x_wconf 82' lang='lat' dir='ltr'>haud</span> <span class='ocrx_word' id='word_1_126' title='bbox 438 1535 722 1594; x_wconf 84' lang='lat' dir='ltr'>difficilem</span> <span class='ocrx_word' id='word_1_127' title='bbox 751 1537 1187 1613; x_wconf 68' lang='lat' dir='ltr'>occupationem</span> <span class='ocrx_word' id='word_1_128' title='bbox 1211 1533 1329 1593; x_wconf 87' lang='lat' dir='ltr'>fore</span> <span class='ocrx_word' id='word_1_129' title='bbox 1353 1536 1701 1596; x_wconf 64' lang='lat' dir='ltr'>arbitrabam-</span> 
     </span>
     <span class='ocr_line' id='line_1_22' title="bbox 254 1616 1694 1697; baseline 0.002 -20"><span class='ocrx_word' id='word_1_130' title='bbox 254 1639 366 1677; x_wconf 84' lang='lat' dir='ltr'>tur.</span> <span class='ocrx_word' id='word_1_131' title='bbox 397 1617 480 1676; x_wconf 88' lang='lat' dir='ltr'>At</span> <span class='ocrx_word' id='word_1_132' title='bbox 502 1617 625 1677; x_wconf 78' lang='lat' dir='ltr'>Rex</span> <span class='ocrx_word' id='word_1_133' title='bbox 648 1619 710 1675; x_wconf 86' lang='lat' dir='ltr'>iis</span> <span class='ocrx_word' id='word_1_134' title='bbox 741 1619 836 1697; x_wconf 87' lang='lat' dir='ltr'>qui</span> <span class='ocrx_word' id='word_1_135' title='bbox 863 1616 1092 1676; x_wconf 83' lang='lat' dir='ltr'>aderant</span> <span class='ocrx_word' id='word_1_136' title='bbox 1128 1618 1386 1677; x_wconf 82' lang='lat' dir='ltr'>celeriter</span> <span class='ocrx_word' id='word_1_137' title='bbox 1413 1623 1467 1678; x_wconf 90' lang='lat' dir='ltr'>in</span> <span class='ocrx_word' id='word_1_138' title='bbox 1495 1618 1694 1680; x_wconf 89' lang='lat' dir='ltr'>decem</span> 
     </span>
     <span class='ocr_line' id='line_1_23' title="bbox 254 1698 1694 1781; baseline 0.002 -22"><span class='ocrx_word' id='word_1_139' title='bbox 254 1702 506 1760; x_wconf 83' lang='lat' dir='ltr'>triremes</span> <span class='ocrx_word' id='word_1_140' title='bbox 527 1701 804 1781; x_wconf 70' lang='lat' dir='ltr'>impositis</span> <span class='ocrx_word' id='word_1_141' title='bbox 828 1743 844 1769; x_wconf 83' lang='lat'>,</span> <span class='ocrx_word' id='word_1_142' title='bbox 874 1699 1100 1758; x_wconf 74' lang='lat' dir='ltr'>obviam</span> <span class='ocrx_word' id='word_1_143' title='bbox 1126 1701 1202 1758; x_wconf 88' lang='lat' dir='ltr'>ire</span> <span class='ocrx_word' id='word_1_144' title='bbox 1232 1698 1480 1759; x_wconf 86' lang='lat' dir='ltr'>hostibus</span> <span class='ocrx_word' id='word_1_145' title='bbox 1512 1701 1694 1778; x_wconf 85' lang='lat' dir='ltr'>jubet.</span> 
     </span>
     <span class='ocr_line' id='line_1_24' title="bbox 254 1781 1703 1861; baseline 0.002 -20"><span class='ocrx_word' id='word_1_146' title='bbox 254 1781 347 1842; x_wconf 69' lang='lat' dir='ltr'>Ilii</span> <span class='ocrx_word' id='word_1_147' title='bbox 382 1803 502 1842; x_wconf 83' lang='lat' dir='ltr'>tum</span> <span class='ocrx_word' id='word_1_148' title='bbox 545 1804 779 1841; x_wconf 81' lang='lat' dir='ltr'>numero</span> <span class='ocrx_word' id='word_1_149' title='bbox 820 1784 1044 1840; x_wconf 84' lang='lat' dir='ltr'>navium</span> <span class='ocrx_word' id='word_1_150' title='bbox 1078 1826 1092 1850; x_wconf 82' lang='lat'>‚</span> <span class='ocrx_word' id='word_1_151' title='bbox 1132 1802 1254 1841; x_wconf 85' lang='lat' dir='ltr'>tum</span> <span class='ocrx_word' id='word_1_152' title='bbox 1298 1783 1586 1861; x_wconf 86' lang='lat' dir='ltr'>inopinata</span> <span class='ocrx_word' id='word_1_153' title='bbox 1633 1806 1703 1844; x_wconf 71' lang='lat' dir='ltr'>re</span> 
     </span>
     <span class='ocr_line' id='line_1_25' title="bbox 257 1863 1698 1946; baseline 0.001 -23"><span class='ocrx_word' id='word_1_154' title='bbox 257 1866 577 1944; x_wconf 81' lang='lat' dir='ltr'>perterriti,</span> <span class='ocrx_word' id='word_1_155' title='bbox 609 1887 782 1946; x_wconf 85' lang='lat' dir='ltr'>quum</span> <span class='ocrx_word' id='word_1_156' title='bbox 810 1866 959 1924; x_wconf 77' lang='lat' dir='ltr'>uitro</span> <span class='ocrx_word' id='word_1_157' title='bbox 987 1863 1038 1922; x_wconf 74' lang='lat' dir='ltr'>se</span> <span class='ocrx_word' id='word_1_158' title='bbox 1066 1865 1182 1943; x_wconf 84' lang='lat' dir='ltr'>peti</span> <span class='ocrx_word' id='word_1_159' title='bbox 1209 1869 1602 1944; x_wconf 79' lang='lat' dir='ltr'>conspicerent</span> <span class='ocrx_word' id='word_1_160' title='bbox 1622 1866 1698 1925; x_wconf 77' lang='lat' dir='ltr'>ab</span> 
     </span>
     <span class='ocr_line' id='line_1_26' title="bbox 256 1948 1704 2029; baseline 0 -22"><span class='ocrx_word' id='word_1_161' title='bbox 256 1949 319 2008; x_wconf 82' lang='lat' dir='ltr'>iis</span> <span class='ocrx_word' id='word_1_162' title='bbox 345 1993 361 2017; x_wconf 89' lang='grc'>,</span> <span class='ocrx_word' id='word_1_163' title='bbox 397 1969 541 2029; x_wconf 84' lang='lat' dir='ltr'>quos</span> <span class='ocrx_word' id='word_1_164' title='bbox 569 1953 874 2027; x_wconf 83' lang='lat' dir='ltr'>imparatos</span> <span class='ocrx_word' id='word_1_165' title='bbox 898 1948 1220 2026; x_wconf 76' lang='lat' dir='ltr'>oppressuri</span> <span class='ocrx_word' id='word_1_166' title='bbox 1251 1967 1522 2018; x_wconf 83' lang='lat' dir='ltr'>venerant</span> <span class='ocrx_word' id='word_1_167' title='bbox 1541 1990 1558 2017; x_wconf 87' lang='grc'>,</span> <span class='ocrx_word' id='word_1_168' title='bbox 1581 1968 1704 2007; x_wconf 69' lang='lat' dir='ltr'>ter-r</span> 
     </span>
     <span class='ocr_line' id='line_1_27' title="bbox 257 2029 1695 2109; baseline 0.001 -21"><span class='ocrx_word' id='word_1_169' title='bbox 257 2053 327 2109; x_wconf 82' lang='lat' dir='ltr'>ga</span> <span class='ocrx_word' id='word_1_170' title='bbox 357 2049 618 2099; x_wconf 80' lang='lat' dir='ltr'>vertunt3</span> <span class='ocrx_word' id='word_1_171' title='bbox 648 2050 757 2089; x_wconf 84' lang='lat' dir='ltr'>una</span> <span class='ocrx_word' id='word_1_172' title='bbox 787 2049 975 2088; x_wconf 88' lang='lat' dir='ltr'>tamen</span> <span class='ocrx_word' id='word_1_173' title='bbox 1008 2030 1192 2098; x_wconf 70' lang='lat' dir='ltr'>navis,</span> <span class='ocrx_word' id='word_1_174' title='bbox 1230 2051 1354 2109; x_wconf 79' lang='lat' dir='ltr'>quae</span> <span class='ocrx_word' id='word_1_175' title='bbox 1376 2029 1579 2088; x_wconf 88' lang='lat' dir='ltr'>Jassios</span> <span class='ocrx_word' id='word_1_176' title='bbox 1602 2030 1695 2092; x_wconf 64' lang='lat' dir='ltr'>ve-&#39;</span> 
     </span>
     <span class='ocr_line' id='line_1_28' title="bbox 258 2110 1695 2191; baseline 0.001 -21"><span class='ocrx_word' id='word_1_177' title='bbox 258 2113 428 2172; x_wconf 79' lang='lat' dir='ltr'>hebat</span> <span class='ocrx_word' id='word_1_178' title='bbox 451 2156 466 2180; x_wconf 88' lang='lat'>,</span> <span class='ocrx_word' id='word_1_179' title='bbox 505 2111 849 2191; x_wconf 86' lang='lat' dir='ltr'>deprehensa</span> <span class='ocrx_word' id='word_1_180' title='bbox 886 2110 997 2171; x_wconf 86' lang='lat' dir='ltr'>est:</span> <span class='ocrx_word' id='word_1_181' title='bbox 1037 2132 1237 2170; x_wconf 78' lang='lat' dir='ltr'>ceterae</span> <span class='ocrx_word' id='word_1_182' title='bbox 1276 2111 1590 2172; x_wconf 80' lang='lat' dir='ltr'>velociores</span> <span class='ocrx_word' id='word_1_183' title='bbox 1623 2111 1695 2172; x_wconf 87' lang='lat' dir='ltr'>ad·</span> 
     </span>
     <span class='ocr_line' id='line_1_29' title="bbox 256 2192 1694 2276; baseline 0.001 -24"><span class='ocrx_word' id='word_1_184' title='bbox 256 2193 407 2254; x_wconf 64' lang='lat' dir='ltr'>fuam</span> <span class='ocrx_word' id='word_1_185' title='bbox 432 2192 1003 2273; x_wconf 71' lang='lat' dir='ltr'>classem&#39;effugerunt</span> <span class='ocrx_word' id='word_1_186' title='bbox 1029 2215 1040 2250; x_wconf 93' lang='lat'><strong>:</strong></span> <span class='ocrx_word' id='word_1_187' title='bbox 1070 2195 1143 2252; x_wconf 87' lang='lat' dir='ltr'>ita</span> <span class='ocrx_word' id='word_1_188' title='bbox 1168 2192 1325 2253; x_wconf 89' lang='lat' dir='ltr'>nullo</span> <span class='ocrx_word' id='word_1_189' title='bbox 1351 2216 1545 2253; x_wconf 87' lang='lat' dir='ltr'>eorum</span> <span class='ocrx_word' id='word_1_190' title='bbox 1570 2215 1694 2276; x_wconf 81' lang='lat' dir='ltr'>quae</span> 
     </span>
     <span class='ocr_line' id='line_1_30' title="bbox 256 2274 1577 2356; baseline -0.002 -17"><span class='ocrx_word' id='word_1_191' title='bbox 256 2274 615 2356; x_wconf 73' lang='lat' dir='ltr'>intenderant</span> <span class='ocrx_word' id='word_1_192' title='bbox 648 2275 846 2336; x_wconf 55' lang='lat' dir='ltr'>effecto</span> <span class='ocrx_word' id='word_1_193' title='bbox 869 2319 885 2344; x_wconf 88' lang='lat'><em>,</em></span> <span class='ocrx_word' id='word_1_194' title='bbox 924 2274 1126 2334; x_wconf 85' lang='lat' dir='ltr'>Mileto</span> <span class='ocrx_word' id='word_1_195' title='bbox 1153 2274 1456 2336; x_wconf 83' lang='lat' dir='ltr'>discessum</span> <span class='ocrx_word' id='word_1_196' title='bbox 1482 2274 1577 2336; x_wconf 89' lang='lat' dir='ltr'>est.</span> 
     </span>
    </p>
   </div>
   <div class='ocr_carea' id='block_1_4' title="bbox 257 2435 1729 2855">
    <p class='ocr_par' dir='ltr' id='par_1_5' title="bbox 257 2435 1729 2770">
     <span class='ocr_line' id='line_1_31' title="bbox 341 2435 1695 2520; baseline -0.001 -21"><span class='ocrx_word' id='word_1_197' title='bbox 341 2439 670 2500; x_wconf 76' lang='lat' dir='ltr'>Aiexander</span> <span class='ocrx_word' id='word_1_198' title='bbox 692 2481 708 2507; x_wconf 87' lang='lat'>,</span> <span class='ocrx_word' id='word_1_199' title='bbox 743 2461 912 2518; x_wconf 78' lang='lat' dir='ltr'>quum</span> <span class='ocrx_word' id='word_1_200' title='bbox 941 2437 1091 2497; x_wconf 80' lang='lat' dir='ltr'>suam</span> <span class='ocrx_word' id='word_1_201' title='bbox 1118 2435 1346 2500; x_wconf 75' lang='lat' dir='ltr'>classem</span> <span class='ocrx_word' id='word_1_202' title='bbox 1370 2461 1552 2520; x_wconf 84' lang='lat' dir='ltr'>neque</span> <span class='ocrx_word' id='word_1_203' title='bbox 1578 2438 1695 2500; x_wconf 87' lang='lat' dir='ltr'>hos-.</span> 
     </span>
     <span class='ocr_line' id='line_1_32' title="bbox 260 2520 1693 2602; baseline -0.001 -21"><span class='ocrx_word' id='word_1_204' title='bbox 260 2523 342 2582; x_wconf 66' lang='lat' dir='ltr'>t&#39;di</span> <span class='ocrx_word' id='word_1_205' title='bbox 372 2544 560 2602; x_wconf 87' lang='lat' dir='ltr'>parem</span> <span class='ocrx_word' id='word_1_206' title='bbox 583 2565 598 2590; x_wconf 88' lang='lat'><strong><em>,</em></strong></span> <span class='ocrx_word' id='word_1_207' title='bbox 637 2525 696 2580; x_wconf 88' lang='lat'><strong>&amp;</strong></span> <span class='ocrx_word' id='word_1_208' title='bbox 732 2521 801 2579; x_wconf 85' lang='lat' dir='ltr'>ad</span> <span class='ocrx_word' id='word_1_209' title='bbox 827 2521 965 2581; x_wconf 91' lang='lat' dir='ltr'>alios</span> <span class='ocrx_word' id='word_1_210' title='bbox 992 2543 1121 2580; x_wconf 88' lang='lat' dir='ltr'>usus</span> <span class='ocrx_word' id='word_1_211' title='bbox 1159 2520 1557 2601; x_wconf 84' lang='lat' dir='ltr'>supervacuam</span> <span class='ocrx_word' id='word_1_212' title='bbox 1591 2523 1693 2581; x_wconf 85' lang='lat' dir='ltr'>sibi</span> 
     </span>
     <span class='ocr_line' id='line_1_33' title="bbox 260 2602 1694 2683; baseline 0 -20"><span class='ocrx_word' id='word_1_213' title='bbox 260 2624 513 2664; x_wconf 87' lang='lat' dir='ltr'>cerneret</span> <span class='ocrx_word' id='word_1_214' title='bbox 535 2648 550 2673; x_wconf 84' lang='lat'><strong><em>,</em></strong></span> <span class='ocrx_word' id='word_1_215' title='bbox 579 2602 852 2682; x_wconf 80' lang='lat' dir='ltr'>multique</span> <span class='ocrx_word' id='word_1_216' title='bbox 890 2607 947 2662; x_wconf 86' lang='lat'>&amp;</span> <span class='ocrx_word' id='word_1_217' title='bbox 977 2625 1175 2682; x_wconf 80' lang='lat' dir='ltr'>graves</span> <span class='ocrx_word' id='word_1_218' title='bbox 1201 2605 1270 2663; x_wconf 90' lang='lat' dir='ltr'>ad</span> <span class='ocrx_word' id='word_1_219' title='bbox 1297 2627 1415 2664; x_wconf 87' lang='lat' dir='ltr'>eam</span> <span class='ocrx_word' id='word_1_220' title='bbox 1446 2602 1694 2683; x_wconf 85' lang='lat' dir='ltr'>sumptus</span> 
     </span>
     <span class='ocr_line' id='line_1_34' title="bbox 257 2684 1729 2770; baseline -0.003 -21"><span class='ocrx_word' id='word_1_221' title='bbox 257 2692 713 2770; x_wconf 68' lang='lat' dir='ltr'>requirerentur,</span> <span class='ocrx_word' id='word_1_222' title='bbox 753 2686 1033 2764; x_wconf 79' lang='lat' dir='ltr'>dimittere</span> <span class='ocrx_word' id='word_1_223' title='bbox 1079 2708 1199 2750; x_wconf 82' lang='lat' dir='ltr'>eam</span> <span class='ocrx_word' id='word_1_224' title='bbox 1235 2684 1463 2765; x_wconf 78' lang='lat' dir='ltr'>statuit3</span> <span class='ocrx_word' id='word_1_225' title='bbox 1503 2687 1693 2766; x_wconf 86' lang='lat' dir='ltr'>paucis</span> <span class='ocrx_word' id='word_1_226' title='bbox 1728 2757 1729 2762; x_wconf 8' lang='grc' dir='ltr'>η</span> 
     </span>
    </p>

    <p class='ocr_par' dir='ltr' id='par_1_6' title="bbox 342 2776 1729 2855">
     <span class='ocr_line' id='line_1_35' title="bbox 342 2776 1729 2855; baseline -0.002 -15"><span class='ocrx_word' id='word_1_227' title='bbox 342 2776 346 2779; x_wconf 40' lang='grc'><strong>’</strong></span> <span class='ocrx_word' id='word_1_228' title='bbox 1443 2783 1696 2855; x_wconf 66' lang='grc' dir='ltr'>εωρόεὴεε</span> <span class='ocrx_word' id='word_1_229' title='bbox 1728 2816 1729 2844; x_wconf 60' lang='lat'>1</span> 
     </span>
    </p>
   </div>
  </div>
 </body>
</html>
