1747 3063
242 47 506 98 LIVRE
537 45 655 96 [ΙΙ.
697 46 1157 96 CHAPITRE
1193 51 1298 101 XI..
1414 67 1509 122 359

79 141 310 212 [quatere
333 174 349 199 ,
375 134 432 190 &
459 129 677 210 Regem
700 152 866 189 curru
888 151 1152 197 excutere
1182 155 1510 215 coeperant3

70 235 254 294 quum
275 212 399 281 ille,
424 216 636 273 veritus
662 234 730 272 ne
756 214 921 272 vivus
948 216 1163 275 veniret
1184 217 1237 273 in
1266 217 1507 279 hostium

79 293 409 374 potestatem
436 337 452 364 ,
485 293 669 354 desilit
691 338 707 364 ,
741 299 800 355 &
824 300 880 355 in
903 317 1109 375 equum
1130 340 1148 366 ‚
1181 300 1279 383 qui
1302 299 1371 358 ad
1395 301 1506 361 hoc

75 375 436 456 sequebatur,
464 377 804 457 imponitur:
830 378 1134 457 insignibus
1151 401 1378 460 quoque
1402 384 1505 453 ime

76 459 250 537 perii,
284 479 352 520 ne
378 456 564 537 fugam
587 457 891 538 proderent
911 501 928 527 ,
965 459 1230 520 indecore
1256 463 1502 541 abjeCiiS.

42 535 44 537 ⁵
76 538 229 599 Tum
255 540 390 600 verb
414 542 587 599 ceteri
614 540 949 619 dissipantur
966 561 1122 602 ⁴metu
1136 563 1156 612 3
1179 547 1237 602 &
1261 565 1370 625 qua
1393 547 1504 605 cui-

36 626 41 631 “
75 642 185 701 que
209 622 437 700 patebat
469 619 539 679 ad
562 619 751 701 fugam
792 627 880 682 via
907 665 925 690 ,
971 644 1315 703 erumpunt3
1352 649 1500 688 arma

51 701 339 782 jacientes
365 746 381 771 ,
418 723 547 783 quae
571 703 738 783 paulo
775 723 902 762 ante
934 704 1003 763 ad
1030 705 1263 765 tutelam
1291 729 1500 788 corpo-

73 805 194 843 rum
235 782 578 864 sumpserant
619 806 632 842 :
679 783 821 844 adeo
867 807 1053 864 pavor*
1085 788 1251 847 etiam
1296 790 1500 855 auxilia

69 863 428 926 formidabat.
457 864 705 925 Instabat
730 864 1078 947 fugientibus
1108 890 1279 948 eques
1313 895 1342 931 a
1367 872 1500 931 Par-

63 943 330 1007 'menione
364 952 559 1015 missus
588 990 605 1016 ,
644 951 702 1007 ὅ(
736 947 883 1007 forte
919 950 973 1006 in
1007 947 1066 1008 id
1099 972 1277 1009 cornu
1303 975 1497 1015 omnes

67 1027 201 1109 fuga
231 1028 547 1088 abstulerat.
572 1029 657 1088 At
681 1031 737 1087 in
762 1029 966 1089 dextro
989 1030 1172 1092 Persae
1197 1031 1499 1096 Thessalos

69 1115 283 1190 equites
311 1111 672 1171 vehementer
699 1113 975 1192 urgebant
993 1155 1010 1182 ,
1030 1114 1255 1193 jamque
1279 1138 1386 1175 una
1408 1118 1494 1178 ala

65 1196 190 1271 ipso
212 1193 428 1273 impetu
457 1192 781 1271 proculcata
824 1213 940 1253 erat
974 1215 986 1251 τ
1027 1216 1204 1273 quum
1236 1196 1494 1261 Thessali

67 1273 284 1333 strenue
330 1276 678 1334 circumaffls
722 1277 876 1355 equis
924 1274 1160 1353 dilapsi,
1204 1299 1392 1339 rursus
1435 1283 1493 1341 in

65 1357 320 1436 praelium
355 1355 592 1414 redeunt
625 1376 645 1426 3
681 1354 1011 1436 sparsosque
1049 1360 1107 1414 &
1148 1359 1490 1441 incomposi-

65 1456 156 1496 tos
198 1439 448 1498 violoriae
495 1436 702 1497 fiducia
744 1439 1023 1498 Barbaros
1063 1438 1277 1518 ingenti
1332 1443 1488 1505 caede

62 1516 440 1599 prosternunt.
473 1519 623 1599 Equi
664 1522 871 1598 pariter
914 1523 1243 1600 equitesque
1287 1524 1488 1585 Persa—

0 1621 1 1643 *
27 1661 39 1665 ,
63 1622 187 1660 rum
218 1600 352 1661 serie
391 1601 716 1661 laminarum
746 1624 960 1679 ¹graves
980 1643 998 1670 ‚
1038 1623 1237 1681 agmen
1268 1647 1286 1673 ,
1330 1606 1487 1685 quod

61 1683 350 1743 celeritate
372 1686 607 1742 maxime
634 1682 878 1754 constat,
913 1703 1058 1763 aegre
1078 1685 1484 1758 moliebantur,

62 1769 271 1844 quippe
305 1766 358 1822 in
403 1763 849 1844 circumagendis
888 1764 1045 1847 equis
1086 1763 1195 1827 suis
1235 1766 1490 1835 Thessal-i

61 1846 269 1911 multos
295 1863 730 1929 occupaverant.
941 1850 943 1852 ’

26 2229 34 2234 ,
146 2175 275 2236 Hac
311 2193 425 2235 tam
463 2193 730 2253 prospera
764 2193 953 2255 pugna
1000 2171 1260 2234 nunciata
1283 2217 1298 2244 ‚
1343 2174 1483 2238 Ale2

57 2258 269 2319 xander
317 2278 429 2315 non
476 2275 602 2314 ante
643 2277 804 2315 ausus
851 2257 1108 2338 persequi
1145 2255 1425 2318 Barbaros
1459 2303 1477 2330 ,

56 2341 337 2419 utrimque
356 2343 466 2419 jam
495 2339 671 2398 vietor
695 2335 890 2396 instare
915 2336 1259 2419 fugientibus
1282 2347 1478 2420 coepit.

19 2457 21 2460 <
49 2422 231 2482 'Haud
264 2419 496 2500 amplius
529 2419 744 2499 Regem
770 2441 937 2498 quam
970 2421 1119 2479 mille
1146 2421 1359 2500 equites
1391 2422 1480 2483 se·-

55 2506 408 2584 quebantur‚
446 2524 618 2588 quum
658 2502 852 2581 ingens
892 2502 1197 2561 multitudo
1237 2502 1476 2564 hostium

55 2586 280 2646 caderet
306 2607 318 2642 ε
350 2582 445 2644 sed
477 2585 596 2664 quis
624 2603 718 2642 aut
742 2585 795 2643 in
822 2585 1054 2663 viffiioriaf
1077 2627 1094 2653 ,
1134 2602 1228 2642 aut
1260 2584 1314 2643 in
1340 2584 1475 2665 fuga

57 2672 244 2750 copias
271 2663 562 2728 numerat?
581 2665 921 2747 Agebantur
942 2688 1077 2748 ergo
1102 2688 1130 2727 a
1152 2685 1265 2726 tam
1282 2669 1474 2747 paucis
