1747 3063
329 158 429 211 292
633 127 1503 224 SUPPLE‘MENTS

412 228 503 287 Ex
530 224 916 286 Macedonum
946 223 1188 284 ducibus
1227 223 1513 284 Cleander
1551 224 1747 289 deside·

326 331 481 371 ratus
509 306 586 367 est
608 351 625 376 ,
661 328 791 365 cum
831 307 1035 386 viginti
1070 304 1245 365 ferme
1283 307 1553 367 militibus
1574 329 1594 379 3
1629 309 1747 370 Bar¹

325 394 596 453 barorum
620 389 690 449 ad
718 389 1060 470 quingentos
1086 388 1344 449 cecidere
1372 410 1385 448 :
1421 408 1643 451 ceteros
1679 415 1747 454 ex

325 474 516 556 pedita
541 471 676 552 fuga
698 515 716 542 ,
745 475 802 532 ὅ(
827 473 1090 531 locorum
1124 473 1322 531 notitia
1347 474 1620 552 protexit.
1650 474 1747 534 Fu·

321 553 611 638 gientibus
628 574 816 615 tamen
838 553 1033 616 institit
1045 553 1195 624 Rex,
1211 555 1582 615 contentione
1602 579 1747 637 quan

324 661 383 700 ta
410 656 635 719 poterat
657 657 773 698 tam
801 659 971 719 grave
997 660 1197 717 agmen
1215 682 1233 708 ,
1259 636 1577 718 eodemque
1602 643 1746 719 impe

304 743 386 782 “tu
415 720 548 780 urbs
579 742 779 781 eorum
799 739 970 800 *capta
999 719 1094 779 est.
1123 720 1231 780 Per
1257 741 1443 781 cetera
1466 720 1672 781 deinde
1691 722 1745 786 Pi

320 805 477 865 sidiae
519 805 736 864 munita
773 802 899 863 loca
943 805 1290 865 circumtulit
1329 802 1542 863 bellum
1564 847 1584 874 ,
1626 824 1743 885 quo

319 911 448 948 rum
481 886 754 947 nonnulla
786 884 1097 966 pugnando
1129 889 1281 965 cepit
1303 930 1318 955 ,
1345 886 1450 947 alia
1477 884 1740 947 conditio·

317 971 483 1031 nibus
510 971 561 1028 in
590 968 763 1031 fidem
783 988 1079 1029 venerunt.
1106 967 1450 1029 Telmissum
1475 991 1747 1050 expugna

319 1073 435 1113 tam
468 1096 482 1123 ,
524 1054 600 1112 ob
631 1052 993 1132 pertinaciam
1028 1052 1240 1111 civium
1271 1094 1288 1120 ‚
1326 1049 1447 1111 solo
1479 1054 1723 1132 aequavit

317 1135 538 1218 populo
565 1135 884 1195 libertatem
911 1131 1160 1204 ademit3
1203 1138 1261 1193 &
1286 1133 1457 1213 paulo
1484 1132 1609 1216 post
1635 1157 1736 1198 cun

318 1219 437 1278 aliis
469 1216 810 1300 quibusdam
841 1215 1064 1278 Pisidiae
1090 1217 1419 1278 civitatibus
1448 1260 1466 1287 ,
1502 1217 1730 1281 Celaena

319 1324 443 1360 rum
489 1298 834 1382 praefeflurae
880 1298 1207 1359 contribuit.
1252 1299 1472 1363 Pacatis
1516 1299 1664 1361 hunc
1702 1307 1732 1364 Ξ)

319 1383 557 1444 modum
605 1383 918 1463 asperrimis
963 1381 1325 1452 nationibus,
1364 1387 1421 1443 in
1462 1381 1730 1466 Phrygias

319 1467 629 1547 processit,
666 1487 776 1545 qua
802 1465 1083 1527 Ascanius
1112 1463 1265 1523 lacus
1291 1463 1368 1524 est
1389 1509 1407 1536 ‚
1435 1466 1596 1543 cujus
1619 1489 1727 1549 aqu

319 1548 413 1609 sua
438 1548 635 1630 sponte
661 1569 1034 1607 concrescens
1054 1591 1070 1616 ,
1092 1548 1424 1610 necessitate
1448 1547 1570 1611 salis
1591 1546 1621 1611 ὲ
1641 1548 1729 1617 lon

319 1633 538 1719 ginquo
564 1630 796 1714 petendi
818 1629 984 1693 solvit
1007 1628 1248 1700 accolas,

392 1877 551 1938 Dum
577 1901 638 1939 ea
661 1899 954 1961 geruntur,
980 1878 1255 1940 Memnon
1278 1878 1500 1943 suarum
1523 1879 1716 1962 partim

321 1961 571 2042 reliquiis
629 1964 878 2042 undique
937 1964 1169 2023 coleciis
1201 2006 1219 2033 ,
1282 1983 1347 2024 ut
1399 1965 1715 2024 inhaerenter

323 2045 480 2104 Asiae
530 2044 925 2106 Alexandrum
970 2066 1338 2125 extorqueret
1369 2091 1385 2117 ,
1436 2047 1508 2108 ad
1549 2046 1714 2106 bellun

323 2128 559 2187 Graeciae
588 2128 1060 2208 Macedoniaeque
1089 2126 1442 2189 inferendum
1465 2128 1713 2209 cogitati(

323 2231 423 2268 nes
474 2212 779 2271 convertit.
839 2211 1071 2290 Quippe
1124 2210 1333 2272 Darius
1378 2213 1434 2272 in
1484 2213 1596 2272 hoc
1646 2231 1712 2272 un

320 2291 474 2373 spem
505 2314 784 2373 reponens
813 2336 828 2362 ‚
863 2294 959 2372 qui
984 2293 1209 2353 vieloris
1241 2295 1515 2374 impetum
1538 2292 1630 2353 sua
1651 2294 1710 2367 vi:

321 2396 445 2436 tute
471 2373 677 2456 suaque
714 2374 1013 2457 prudentia
1054 2374 1361 2438 diutissime
1390 2376 1462 2437 ad
1497 2377 1717 2438 Halicar

321 2480 546 2518 nassum
572 2479 821 2519 moratus
845 2477 991 2517 esset
1014 2502 1030 2527 ,
1072 2456 1300 2519 summae
1335 2481 1519 2521 rerum
1557 2458 1708 2540 praef}

321 2560 477 2601 cerat
513 2563 639 2600 eum
668 2585 685 2611 ,
727 2562 1101 2622 magnamque
1137 2544 1391 2621 pecuniae
1424 2544 1540 2604 vim
1581 2562 1707 2602 tran·

320 2626 563 2684 miserat.
601 2623 805 2704 Itaque
844 2625 1316 2686 mercenariorum
1353 2648 1519 2686 manu
1553 2644 1706 2705 quam

320 2725 547 2785 poterat
583 2706 895 2775 conduchi,
939 2731 1068 2768 cum
1112 2726 1493 2769 trecentarum
1533 2709 1717 2771 navim?

320 2789 495 2850 classe
535 2789 716 2851 libero
753 2791 891 2857 mari
935 2791 1285 2875 vagabatur,
1329 2796 1388 2856 &
1426 2813 1552 2876 quae
1590 2791 1717 2865 tant¹
