1747 3063
1702 10 1715 38 „l

251 75 374 126 ,204
578 56 1450 122 'SUPPLEMENTS‘
1689 91 1715 125 κ

260 171 431 234 3trapa
468 166 541 210 ne
576 171 752 211 unum
788 152 1020 233 quidem
1054 156 1345 236 tugurium
1381 178 1579 218 eorum
1618 152 1717 240 qui

261 233 379 298 sibi
412 231 704 294 subessent
736 235 962 294 incendi
985 235 1039 295 se
1076 259 1363 316 passurum
1397 238 1716 301 affirmave*

268 337 392 387 rat,
415 317 585 396 inque
610 319 729 396 ejus
754 315 1081 377 sententiam
1103 341 1131 377 a
1160 323 1358 379 ceteris
1392 323 1532 380 itum
1557 325 1716 398 erat)

263 399 351 461 ad
397 399 713 457 Granicum
755 420 976 459 amnem
1014 398 1143 460 cum
1185 420 1413 461 centum
1458 403 1717 483 peditum

273 480 525 543 millibus
542 523 559 550 ,
591 480 793 560 viginti
812 483 1069 562 equitum
1095 482 1469 543 consederant
1489 528 1506 554 ,
1527 484 1718 544 flumi-

270 585 347 624 ne
372 584 477 643 pro
500 564 851 623 munimento
878 569 1031 625 usuri
1051 608 1067 634 ,
1099 570 1156 625 &
1183 566 1423 626 vicissim
1460 589 1581 626 eam
1620 588 1718 627 ve-

272 645 363 705 lut
398 644 558 706 Asiae
595 665 822 728 portam
846 647 1095 709 venienti
1117 647 1454 708 Alexandro
1489 649 1718 717 obsera-2

266 747 408 796 zum.
476 797 483 809 ‚

367 810 549 891 Cujus
580 810 829 871 adventu
854 815 1130 892 cognito,
1172 814 1487 894 equitatum
1517 811 1574 870 i‘n
1600 831 1719 894 quo

274 892 456 952 robur
502 912 619 952 erat
658 895 858 954 virium
885 937 901 964 ,
946 897 1022 954 ita
1061 895 1386 965 collocant,
1431 913 1496 953 ut
1521 913 1719 955 contra

274 974 551 1036 dextrum.
572 974 957 1037 Macedonum
983 998 1161 1037 cornu
1183 1021 1198 1046 ‚
1245 977 1402 1058 quod
1432 981 1552 1056 ipse
1590 974 1720 1036 Rex

276 1057 529 1125 ducebat
572 1060 757 1133 (nam,
785 1056 1059 1119 sinistrum
1092 1059 1452 1120 Parmenioni
1487 1059 1719 1117 commi-

276 1159 428 1200 serat
462 1144 486 1216 )
533 1140 808 1200 Memnon
859 1163 989 1200 cum
1035 1139 1160 1201 filiis
1199 1146 1258 1202 ὃς
1297 1141 1518 1200 Arsane
1553 1140 1719 1200 Persa

276 1220 665 1282 consisterent.
696 1221 764 1280 In
799 1222 994 1283 eadem
1037 1244 1195 1303 parte
1227 1223 1448 1282 Arsites
1485 1223 1720 1282 curabat

280 1325 413 1364 cum
439 1303 868 1384 Paphlagonum
902 1307 1156 1386 equitum
1183 1305 1397 1366 auxiliis
1425 1326 1437 1363 ε
1470 1305 1522 1362 in
1546 1302 1719 1363 subsi-

279 1387 388 1448 diis
422 1386 795 1466 Spithridates
822 1408 940 1447 erat
964 1410 1137 1468 gener
1175 1389 1318 1468 regis
1340 1431 1356 1456 ,
1392 1386 1593 1467 Lybiae
1615 1384 1718 1444 Io*

274 1470 500 1548 niaeque
523 1466 742 1548 satrapa>
758 1512 781 1538 ,,
801 1467 1076 1530 Rhoesace
1108 1468 1276 1529 fratre
1299 1513 1316 1539 ‚
1344 1472 1404 1528 ὃ(
1436 1469 1718 1549 Hyrcanis

277 1550 565 1632 equitibus
591 1552 912 1611 comitatus·
953 1550 1022 1610 In
1057 1550 1254 1612 dextra
1290 1556 1410 1611 acie
1445 1549 1718 1611 Rheomi-

272 1634 460 1693 threm
486 1631 603 1693 duo
637 1632 943 1693 Medorum
970 1633 1141 1694 millia
1162 1678 1177 1703 ,
1202 1635 1558 1712 totidemque
1579 1632 1716 1692 Bac-

272 1715 444 1776 triani
476 1714 891 1795 sequebantur:
928 1715 1185 1775 Medium
1229 1736 1428 1796 agmen
1466 1715 1714 1773 Pharna-

278 1819 376 1858 ces
406 1798 613 1878 reginae
645 1796 818 1856 frater
841 1841 857 1867 ‚
900 1797 1340 1877 Arbupalesque
1388 1796 1715 1856 Artaxerxis

277 1877 352 1942 ex
386 1878 568 1939 Dario
606 1901 783 1959 nepos
805 1923 822 1949 ,
869 1883 928 1939 &
959 1879 1448 1944 Mithrobarzanes
1493 1879 1716 1959 Cappa-

278 1962 464 2022 dociae
513 1982 720 2043 praetor
758 1961 1072 2042 regebant:
1122 1963 1184 2020 iis
1229 1961 1505 2041 Niphates
1550 1960 1716 2020 Peta-

275 2065 493 2125 nesque
514 2089 531 2114 ,
562 2067 697 2104 cum
717 2043 932 2103 Arsace
961 2047 1021 2104 δε
1047 2044 1259 2126 Atyzie
1285 2044 1560 2103 variarum
1586 2064 1717 2124 gene·

275 2127 426 2196 tium
449 2145 660 2186 turmas
683 2125 1089 2205 applicuerant.

362 2207 417 2266 Ii
438 2227 560 2268 tum
586 2208 945 2267 multitudine
974 2211 1032 2267 ὃς
1058 2207 1188 2266 loco
1215 2207 1449 2266 tutiores
1474 2206 1718 2286 graviter

279 2291 614 2371 premebant
656 2288 867 2348 hostem
894 2334 910 2358 ‚
952 2291 1208 2369 acrisque
1249 2310 1435 2369 pugna
1462 2309 1718 2348 consere-

279 2374 481 2440 batur,
504 2373 747 2432 maximo
781 2378 1033 2431 omnium
1059 2373 1202 2450 regis
1228 2369 1481 2449 periculo
1508 2414 1524 2439 ,
1552 2391 1716 2449 quem

283 2459 449 2515 armis
469 2474 750 2532 manuque
777 2457 833 2512 &
856 2454 1096 2532 imperiis
1129 2455 1500 2534 conspicuum
1527 2453 1720 2531 plures

282 2536 575 2616 petebant.
618 2535 733 2595 Sed
778 2534 996 2614 tragula
1035 2534 1259 2614 quidem
1287 2578 1302 2604 ,
1344 2556 1467 2614 quae
1504 2535 1558 2592 in
1590 2554 1719 2611 pro·-

282 2623 502 2677 miscuo
537 2638 741 2697 pugnae
776 2617 975 2676 ardore
1005 2617 1528 2676 desinentisloricae
1558 2614 1737 2713 plicis}

218 2744 220 2747 -
281 2699 597 2771 inciderat,
649 2698 853 2763 vulnus
903 2699 1055 2763 haud·
1103 2697 1340 2776 intulit:
1389 2718 1653 2780 ceterum.
1684 2717 1736 2782 Q
