1747 3063
182 80 294 133 ⁷2¹2
498 62 1384 140 SUPPLE'MENTS

283 154 554 216 Ceterum
583 156 911 216 Alexander
944 157 1241 218 Persarum
1266 159 1433 220 etiam
1463 156 1637 222 nobi-‘-

191 235 433 297 lissimos
463 237 760 318 sepulturae
803 237 1053 306 tradidit*
1075 235 1107 311 5
1141 244 1200 299 &
1242 261 1528 323 quotquot
1565 262 1635 303 ex

195 322 414 381 Graecis
441 322 795 379 mercenariis
826 319 1074 381 hostibus
1109 342 1383 382 merentes
1406 325 1637 385 cecide-⁴
1692 392 1695 394 ,

191 422 357 462 rant:
401 406 497 482 qui
520 421 706 462 autem
732 423 927 462 eorum
963 403 1076 464 vivi
1101 406 1154 463 in
1182 403 1514 483 potestatem
1542 430 1635 467 re-

198 483 350 544 dac'ti
370 482 620 554 fuerant,
647 506 744 544 eos
773 504 876 565 per
905 484 1300 545 Macedoniam
1318 491 1374 546 in
1400 488 1642 569 ergastu-

195 566 252 626 la
296 563 548 626 distribui
593 569 755 645 jussit-
793 610 810 636 3
868 568 1025 648 quo-d
1083 588 1283 628 contra
1338 591 1639 631 commune

195 650 532 707 Graecorum
558 647 848 708 decretum
871 692 887 718 3
927 672 1030 730 pro
1054 649 1436 711 Barbarorum
1460 652 1641 714 dorni-

192 732 422 791 natione
442 729 681 791 adverus
705 732 941 810 patriam
964 739 1386 814 pugnavissent.
1410 734 1641 795 Theba-

176 834 303 872 nos
346 832 533 872 tamen
582 811 790 872 dimisit
815 856 832 882 3
875 819 972 894 qui
1010 814 1194 874 excisa
1226 814 1365 875 urbe
1391 858 1407 884 ,
1443 817 1641 877 adem-

195 900 267 956 tis
308 895 453 976 agris
475 939 491 965 3
532 897 861 955 necessitate
886 897 1059 974 magis
1083 920 1249 977 quam
1279 896 1477 975 sponte
1500 921 1642 979 pec-

200 996 460 1037 cassent:
497 980 610 1058 jam
655 979 801 1037 enim
839 997 928 1036 tot
977 978 1204 1038 illorum
1236 970 1664 1041 calamitatibus'⁵

200 1058 428 1139 esspleta
485 1060 613 1119 odia
681 1058 1071 1120 misericordiae
1125 1062 1316 1122 locum
1370 1060 1641 1123 fecerant.

199 1140 454 1201 Posthaec
493 1141 562 1201 de
601 1141 880 1202 manubiis
915 1162 1200 1203 trecentos
1237 1144 1470 1225 clypeos
1507 1145 1644 1206 sele-

173 1280 176 1283 .
198 1230 285 1303 git
315 1268 333 1294 3
374 1228 470 1304 qui
503 1223 780 1284 Minervae
821 1224 1156 1304 Atheniensi
1199 1226 1596 1287 dedicarentur
1621 1269 1639 1297 3

198 1304 444 1386 superbo
485 1327 613 1364 cum
654 1306 861 1367 titulo:
895 1308 1273 1364 Alexandrum
1313 1307 1550 1390 Philippi
1571 1315 1643 1369 F.

201 1392 493 1465 Graecosqne
521 1430 538 1456 ,
572 1390 787 1468 exceptis
817 1387 1219 1446 Lacedaemoniis
1239 1435 1256 1455 3
1291 1389 1356 1447 de
1378 1389 1645 1449 Barbaris

200 1472 393 1528 Asiam
419 1467 753 1526 incolentibus
766 1468 1106 1550 suspendisse.

289 1549 364 1611 Id
404 1550 471 1610 eo
515 1548 724 1611 fecerat
760 1595 775 1620 3
834 1571 894 1610 ut
942 1552 1354 1614 communicata
1393 1555 1642 1614 vietoriae

204 1633 403 1702 laude,
428 1632 736 1693 Graecis.ad
763 1652 978 1694 ceteras
1006 1635 1142 1696 belli
1166 1640 1524 1696 necessitates
1547 1638 1648 1695 ob-

200 1716 648 1796 sequentioribus
682 1734 934 1775 uteretur
957 1737 970 1774 :
999 1715 1161 1777 simul
1184 1717 1649 1779 Lacedaemonio-

204 1821 329 1859 rum
366 1803 778 1858 contumaciam
825 1797 1160 1859 traducebat
1193 1842 1213 1868 ,
1258 1805 1357 1880 qui
1397 1798 1645 1859 seorsum

203 1882 352 1941 initis
393 1879 636 1941 consiliis
660 1923 676 1948 3
709 1902 738 1939 a
767 1899 960 1939 cetero
998 1882 1233 1941 Graeciae
1267 1903 1511 1961 corpore
1552 1883 1649 1941 ab-

206 1968 399 2044 rupti,
440 1964 693 2042 tantique
733 1961 956 2022 decoris
998 1983 1256 2043 expertes
1300 1964 1646 2023 mansissent.

207 2044 414 2123 Neque
448 2046 639 2104 matris
666 2087 684 2113 3
737 2066 904 2125 quam
943 2045 1141 2104 eximia
1178 2051 1389 2124 pietate
1431 2044 1649 2128 semper

211 2126 390 2187 coluit
416 2169 432 2195 3
479 2126 688 2186 oblitus
712 2170 727 2190 ‚
771 2127 974 2205 pocula
997 2171 1015 2197 3
1050 2148 1352 2206 purpuram
1376 2170 1392 2197 3
1429 2127 1646 2208 aliaque

207 2208 267 2267 id
297 2229 471 2288 genus
497 2210 747 2287 preciosa
773 2207 945 2288 spolia
970 2252 988 2279 3
1030 2210 1223 2290 paucis
1261 2208 1541 2289 demptis,
1577 2209 1650 2270 ad

208 2290 362 2350 illam
394 2291 715 2348 transmisit.

294 2372 476 2430 CAP.
519 2370 640 2430 VI.
683 2370 811 2431 Post
855 2374 965 2432 hoc
1017 2370 1284 2451 proelium
1331 2370 1519 2432 denuo
1575 2374 1647 2434 ad

210 2452 379 2512 Ilium
397 2450 681 2533 profecius
713 2453 1038 2515 Alexander
1060 2497 1074 2521 3
1104 2454 1246 2513 Deae
1272 2456 1476 2532 gratias
1503 2458 1649 2535 egit,

214 2557 337 2615 quae
372 2536 685 2615 gravissimi
709 2535 843 2597 belli
879 2536 1174 2597 discrimen
1212 2534 1493 2595 aditurum
1517 2581 1530 2604 3
1565 2560 1650 2597 at-

213 2623 315 2676 mis
353 2620 412 2675 ὃ(
458 2616 735 2675 ominibus
784 2621 1033 2696 juvisset.
1086 2619 1315 2696 Quippe
1364 2615 1645 2697 superiore

212 2719 466 2780 tempore
491 2741 509 2770 3
547 2720 719 2780 quum
745 2699 923 2760 statim
947 2697 1070 2783 post
1096 2700 1479 2761 transmissum
1500 2699 1650 2776 Hel:
