1747 3063
237 77 342 134 ‘312
544 58 1448 132 QUINTE-CURcE;

237 153 513 237 bylonem
549 151 780 216 νεὸὶυε,
823 144 1010 206 subiti)
1041 168 1173 206 cum
1209 151 1338 228 ipso
1374 168 1524 229 equo
1550 161 1693 210 ocu-2

239 236 310 297 lis
347 257 464 296 esse
494 231 821 292 subduRus.
855 227 958 308 Ad
986 229 1108 288 haec
1134 248 1292 289 vates
1326 233 1478 290 varia
1518 233 1691 293 inter-

240 319 559 400 pretatione
597 333 789 373 curam
825 308 1257 372 distrinxerant:
1293 311 1389 373 alii
1425 316 1592 371 latam
1631 310 1690 370 id

242 403 368 482 Regi
401 398 671 475 somnium
707 416 805 451 esse
849 393 1164 465 dichant3
1203 392 1342 472 qnod
1377 393 1540 470 castra
1579 391 1692 471 host

241 485 377 539 tium
416 481 656 537 arsissent
680 519 698 548 ,
738 473 876 556 quod
911 473 1296 533 Alexandrum
1320 520 1339 541 ,
1367 475 1596 560 deposita
1618 498 1690 534 re-

230 570 332 646 gia
369 559 500 637 veste
527 605 543 634 ,
586 561 642 617 in
663 560 861 616 Persico
899 557 963 615 &
1001 559 1226 639 vulgari
1259 557 1443 616 habitu
1459 559 1692 642 perduc-

243 665 358 703 tam
392 664 490 702 esse
528 644 763 701 vidisset.
808 640 1064 715 Quidam
1101 660 1303 703 contra
1333 642 1693 724 auguraban-

242 748 375 790 tur:
419 728 604 810 qnippe
645 724 870 802 illustria
917 722 1292 781 Macedonum
1333 727 1495 802 castra
1531 729 1691 798 visa,

235 813 494 892 fulgorem
546 805 856 866 Alexandro
901 804 1243 889 portendere.-
1284 829 1436 886 quem
1479 829 1695 891 regnum

244 896 380 952 Asia
403 908 781 974 occupatarum
805 910 903 945 esse
919 933 934 957 ‚
952 887 1101 946 haud
1123 887 1380 970 ambigere
1394 914 1416 957 5
1442 895 1694 971 quoniam

244 979 304 1034 in
337 973 512 1034 eedem
547 971 730 1029 habitu
764 974 978 1028 Darius
997 972 1187 1048 fnisset
1208 1015 1225 1035 ,
1263 994 1426 1050 qnam
1462 977 1696 1057 appella-

247 1078 330 1117 tas
355 1057 416 1135 eft
437 1054 787 1116 rex.·Vetera
817 1075 1050 1136 qqxoque
1083 1058 1271 1114 omina
1297 1099 1314 1125 ,
1353 1075 1417 1115 ut
1445 1055 1512 1116 fit
1531 1103 1548 1122 ,
1585 1056 1694 1120 sol-

246 1139 490 1203 licitudo
525 1156 894 1199 revocaverat
930 1157 944 1195 ε
995 1137 1235 1196 Darium
1273 1140 1423 1202 enim
1453 1145 1509 1201 in
1537 1146 1696 1221 prin..

248 1228 399 1306 cipio
439 1222 658 1303 imperii
695 1220 955 1300 vaginam
1000 1221 1240 1280 acinacis
1280 1221 1696 1306 Persicamjus-

249 1314 382 1370 sisse
423 1305 631 1365 mutari
662 1305 718 1362 in
755 1325 876 1363 eam
900 1301 1141 1363 formam
1165 1348 1181 1373 ,
1219 1326 1328 1385 qua
1365 1306 1555 1367 Graeci
1579 1328 1697 1369 ute-

249 1409 484 1460 rentur3
526 1388 895 1470 protinusque
928 1386 1235 1446 Chaldaeos
1258 1389 1657 1469 interpretatos
1674 1434 1694 1461 ,

250 1473 549 1554 imperium
574 1470 869 1529 Persarum
901 1468 973 1528 ad
998 1491 1095 1529 eos
1118 1473 1482 1531 transiturum
1508 1516 1526 1536 ,
1553 1495 1698 1554 quo-

251 1579 376 1617 rum
408 1576 557 1615 arma
591 1572 737 1613 esset
761 1551 1028 1621 imitatus.
1057 1552 1328 1618 Ceterhm
1364 1554 1478 1635 ipse
1515 1558 1574 1615 &
1599 1579 1698 1619 va-

250 1659 375 1700 tum
412 1656 684 1717 responso
719 1632 876 1715 quod
913 1632 1190 1698 edebatur
1238 1638 1295 1698 in
1339 1636 1544 1718 vulgus
1571 1681 1588 1708 ,
1633 1642 1695 1701 δε

251 1721 434 1802 specie
472 1739 603 1801 quae
644 1739 745 1798 per
775 1714 1030 1777 somnum
1065 1717 1258 1778 oblata
1290 1739 1449 1790 erat,
1492 1720 1696 1782 admo-

253 1806 393 1866 dum
417 1802 579 1862 laetus
598 1844 617 1874 ,
656 1797 831 1861 castra
865 1799 936 1861 ad
974 1801 1322 1882 Euphratem
1358 1806 1576 1866 moveri
1607 1808 1698 1887 ju·

257 1887 376 1948 bet·

343 2215 535 2278 Patrio
570 2238 726 2277 more
765 2215 1058 2276 Persarum
1092 2214 1365 2277 traditum
1391 2216 1469 2277 est
1499 2261 1518 2288 ,
1564 2237 1697 2278 orto

258 2301 392 2362 soie
431 2301 659 2360 demum
691 2298 1023 2379 procedere.
1065 2298 1180 2360 Die
1217 2303 1326 2379 jam
1359 2300 1591 2370 illustri,
1627 2303 1700 2359 si·-

258 2408 434 2467 gnum
470 2382 500 2442 ὲ
540 2381 906 2442 tabernaculo
946 2380 1119 2460 Regis
1157 2383 1398 2443 buccina
1437 2383 1699 2444 dabatur.

258 2470 442 2546 Super
481 2464 909 2524 tabernaculum
944 2464 1092 2522 unde
1140 2466 1209 2525 ab
1256 2467 1518 2526 omnibus
1564 2488 1698 2525 con-

257 2550 393 2631 spici
424 2560 613 2628 po‘sset
636 2592 652 2617 ‚
684 2549 871 2628 imago
894 2545 1042 2606 Solis
1066 2547 1331 2631 crystallo
1356 2550 1569 2609 inclusa
1594 2546 1700 2607 ful-

259 2632 453 2716 gebat.
492 2629 661 2690 Ordo
691 2651 877 2689 autem
911 2632 1142 2710 agminis
1182 2652 1300 2691 erat
1329 2633 1479 2693 talis,
1505 2631 1663 2712 Ignis
1676 2673 1696 2701 ‚

260 2737 431 2801 quem
466 2715 575 2796 ipsi
602 2711 821 2775 sacrum
853 2715 912 2773 &
941 2732 1214 2776 aeternum
1245 2715 1527 2779 vocabant
1551 2757 1569 2783 ,
1612 2736 1698 2774 ar·-

1588 2814 1697 2881 pale
