1747 3063
181 78 448 139 LIVRE
481 84 580 136 JV.
623 77 1082 132 CHAPITRE
1114 82 1296 132 XIII,
1369 78 1471 147 487

42 214 72 226 .,
123 169 329 231 Similis
353 167 503 249 apud
521 167 869 228 Macedones
894 185 1124 247 quoque
1143 163 1469 227 sollicitudo

42 269 210 312 erat:
255 252 592 332 noctemque
624 293 641 320 ‚
688 249 848 312 velut
895 250 952 307 in
999 269 1120 308 eam
1163 249 1469 309 certamine

0 340 1 346 ’
40 333 226 394 edicio
250 375 269 402 ,
307 352 461 392 metu
488 351 743 413 egerunt.
774 329 1142 399 Alexander,
1181 350 1296 389 non
1334 330 1469 389 alias

39 419 218 494 magis
252 420 480 474 territus
513 456 531 482 ,
575 412 646 472 ad
691 431 825 473 vota
869 415 927 472 δε
975 432 1172 492 preces
1210 408 1468 471 Aristan·-

41 495 205 556 drum
229 499 422 557 vocari
453 495 633 575 jubet.
674 493 781 554 Ille
807 494 863 552 in
888 492 1126 553 candida
1152 490 1300 554 veste
1340 513 1467 552 ver—

29 577 213 638 benas
239 598 406 635 manu
430 573 727 657 praeferens
749 618 763 643 ,
803 577 984 654 capite
1009 576 1200 634 velato
1230 574 1469 654 praeibat

41 679 237 740 preces
261 662 416 737 regi,
441 658 639 718 Jovem
662 700 678 726 ,
704 656 1016 716 Minervam
1040 654 1466 736 Vi&oriamque

40 744 392 820 propitianti.
422 737 591 797 Tunc
622 738 850 818 quidem
888 736 1161 798 sacrificio
1197 743 1304 798 rite
1333 750 1467 816 per-

22 823 267 900 “petrato
289 863 308 890 ‚
343 819 624 899 reliquum
659 822 838 878 nod'ris
883 821 1241 899 aequicrurus
1276 821 1330 877 in
1374 838 1468 878 ta-

42 901 409 962 bernaculum
434 901 620 962 rediit.
651 900 766 961 Sed
808 923 911 960 nec
937 900 1188 959 somnum
1220 921 1420 980 capere
1446 943 1467 970 ‚

41 1004 148 1042 nec
176 984 421 1063 quietem
447 984 563 1060 pati
593 1002 836 1063 poterat.
865 982 1048 1041 Modo
1071 1004 1100 1041 e
1132 985 1270 1061 jugo
1302 1002 1469 1041 mon-

42 1065 114 1123 tis
149 1065 324 1123 aciem
348 1068 404 1122 in
431 1064 696 1123 dextrum
734 1064 1026 1122 Persarum
1060 1084 1236 1122 cornu
1261 1061 1470 1123 demit-

41 1163 162 1204 tere
189 1145 438 1225 agitabat
459 1167 481 1219 3
517 1145 693 1205 modo
731 1147 880 1205 reeta
919 1143 1105 1205 fronte
1130 1165 1471 1205 concurrere

45 1225 226 1286 hosti:
268 1224 549 1304 interdurn
582 1226 837 1287 haesitare
864 1269 882 1296 ‚
921 1248 987 1286 an
1032 1231 1220 1305 potius
1266 1228 1322 1285 in
1367 1227 1471 1285 lae-

43 1330 178 1368 vum
200 1326 493 1387 torqueret
521 1309 758 1388 agmen?
781 1307 1008 1368 tandem
1034 1327 1329 1388 gravatum
1353 1310 1469 1367 ani-

30 1391 119 1450 'mi
160 1392 437 1449 anxietate
468 1410 674 1470 corpus
703 1390 869 1450 altior
905 1388 1129 1448 somnus
1169 1394 1469 1470 oppressit.

41 1471 281 1552 Jamque
310 1470 438 1529 luce
468 1490 589 1530 orta
619 1470 795 1532 duces
828 1471 900 1531 ad
932 1471 1257 1550 accipienda
1290 1473 1470 1551 impe·-

43 1554 122 1613 ria
147 1571 571 1626 convenerant3
607 1553 833 1613 insolito
865 1556 1007 1613 circa
1028 1554 1353 1633 praetorium
1386 1555 1471 1613 si-

43 1632 223 1694 lentio
261 1636 507 1695 attoniti.
546 1634 775 1715 Quippe
815 1635 945 1695 alias
970 1655 1252 1695 accersere
1277 1638 1469 1716 ipsos,

41 1719 104 1776 δι
144 1712 427 1776 interdum
467 1736 749 1777 morantes
793 1716 1060 1798 castigare
1105 1737 1424 1778 assueverat
1445 1741 1471 1793 3

39 1816 177 1858 tunc
210 1819 280 1858 ne
305 1797 507 1856 ultimo
533 1798 761 1879 quidem
798 1821 983 1860 rerum
1010 1799 1327 1860 discrimine
1359 1822 1468 1859 ex·-

39 1882 276 1941 citatum
300 1901 417 1940 esse
438 1879 820 1956 mirabantur3
847 1885 904 1942 &
931 1903 1044 1940 non
1066 1880 1262 1941 somno
1285 1880 1466 1963 quies-

39 1983 168 2022 cere
187 2004 206 2033 ,
236 1961 334 2021 sed
359 1983 569 2042 pavore
594 1983 840 2022 marcere
866 1963 1190 2024 credebant.
1220 1964 1356 2023 Non
1381 1983 1466 2024 ta-

39 2066 169 2106 men
209 2045 505 2125 quisquam
539 2065 569 2104 e
603 2041 930 2106 custodibus
964 2047 1217 2126 corporis
1257 2047 1466 2105 intrare

38 2126 468 2190 tabernaculum
495 2126 779 2187 audebat:
822 2131 1015 2206 &jam
1055 2147 1277 2207 tempus
1300 2126 1465 2188 insta-

12 2223 14 2226 ’
38 2208 137 2268 bat
159 2228 180 2280 3
219 2228 322 2267 nec
349 2208 507 2267 miles
538 2210 751 2289 injussu
783 2209 941 2269 ducis
958 2252 978 2280 2
1004 2228 1101 2269 aut
1125 2232 1272 2269 arma
1298 2230 1467 2289 cape-

37 2311 98 2350 re
120 2309 344 2370 poterat
363 2333 382 2360 ‚
416 2309 513 2349 aut
535 2291 591 2349 in
617 2289 840 2350 ordines
871 2293 970 2351 ire.
1010 2290 1129 2349 Diu
1166 2291 1462 2350 Parmenio

0 2396 1 2436 ς
39 2373 330 2430 αιηόὶειωε
348 2415 367 2441 ,
405 2371 596 2432 cibum
627 2392 690 2431 ut
713 2392 980 2452 caperent
1005 2415 1023 2443 ,
1060 2378 1181 2453 ipse
1204 2394 1465 2452 pronun-

0 2457 161 2513 aetiat.
184 2453 422 2534 Jamque
449 2457 600 2514 exire
628 2475 851 2514 necesse
878 2474 996 2514 erat
1021 2474 1035 2513 ε
1073 2473 1209 2513 tunc
1234 2453 1461 2513 demum

36 2536 207 2595 intrat
231 2534 656 2597 tabernaculum
679 2556 698 2607 3
730 2533 1038 2616 saepiusque
1064 2537 1286 2595 nomine
1310 2555 1464 2594 com-

36 2615 305 2696 pellatum
327 2660 343 2686 ,
377 2639 505 2678 cum
532 2639 673 2678 voce
707 2638 820 2676 non
853 2637 1080 2697 posset,
1118 2618 1270 2676 tactu
1304 2618 1462 2675 exci-

37 2699 200 2773 tavit.
225 2701 420 2759 Multa
446 2702 540 2756 lux
553 2743 573 2771 ,
598 2699 781 2781 inquit
798 2741 817 2773 2
845 2699 904 2778 est
928 2743 943 2769 ,
969 2697 1272 2775 instrui-iam
1295 2700 1463 2756 aciem

1145 2795 1195 2845 X
1213 2794 1264 2845 iv
