1747 3063
306 68 570 124 zJVRE
606 68 704 123 JV.
746 67 1204 120 CHAPITRE
1236 69 1332 123 VJ.
1440 78 1541 130 427

117 156 214 220 'cul
243 157 580 239 Scytharum
605 155 1025 235 bellicosissima
1050 175 1217 236 gente
1238 198 1255 225 ,
1295 158 1353 215 &
1378 174 1543 235 rapto

118 242 310 302 vivere
355 240 555 298 assueti
589 261 610 312 3
662 236 987 317 semperque
1029 239 1082 296 in
1130 240 1292 296 armis
1335 256 1542 296 errant.

120 320 237 383 Sed
259 321 464 379 Bessus
487 318 734 399 suspecta
757 317 989 399 perfidia
1013 363 1029 389 ,
1056 320 1203 380 haud
1228 318 1352 380 sane
1378 340 1545 398 aequo

121 404 308 465 animo
333 404 388 461 in
416 400 662 461 secundo
700 400 752 461 se
785 402 1076 460 continens
1107 400 1286 478 gradu
1307 448 1323 471 ,
1354 422 1545 480 regem

123 484 391 546 terrebat.
426 484 575 542 Nam
602 505 731 542 cum
754 504 991 562 regnum
1016 483 1296 542 affectaret
1316 505 1334 553 3
1360 481 1550 562 prodi-

125 569 207 627 tio
227 610 245 637 ,
277 588 384 647 qua
409 563 521 624 sola
555 565 612 624 id
636 566 851 643 assequi
875 576 1137 643 poterat',
1168 564 1496 623 timebatur.

208 649 483 706 Ceterum
503 645 832 705 Alexander
857 687 874 714 ,
909 667 1076 725 quarn
1112 652 1397 727 regionem
1429 644 1551 704 Da-

126 729 238 791 rius
265 729 494 808 petisset
512 773 529 792 ,
571 731 723 789 omni
747 747 876 785 cura
902 725 1176 807 vestigans
1198 771 1212 796 ,
1245 747 1432 787 tamen
1460 748 1552 785 ex-

126 811 349 891 plorare
375 830 488 868 non
514 827 765 889 poterat:
790 829 944 865 more
971 809 1217 889 quodam
1236 809 1550 878 Persarum,

125 913 325 953 arcana
361 912 554 971 regum
584 890 718 949 mira
758 887 1058 949 celantium
1093 889 1226 949 fide.
1258 891 1393 949 Non
1431 911 1553 949 me-

56 1013 60 1015 -
128 993 258 1042 tuS,
296 992 409 1030 non
439 971 559 1052 spes
605 970 754 1030 elicit
797 992 998 1031 vocem
1028 1014 1045 1038 ,
1090 993 1197 1051 qua
1241 971 1554 1052 prodantur

129 1052 375 1114 occulta.
401 1050 907 1130 Vetus'disciplina
940 1074 1135 1133 regum
1162 1053 1437 1112 silentium
1466 1055 1554 1113 vi-

129 1154 202 1195 tae
227 1133 478 1215 periculo
503 1132 773 1192 sanxerat.
801 1133 1021 1214 Lingua
1058 1140 1280 1214 gravius
1323 1134 1556 1216 castiga·-

88 1236 90 1238 ·
132 1237 226 1276 tur
251 1237 417 1296 quam
448 1217 622 1275 ullum
647 1214 918 1293 probrum
951 1236 963 1273 τ
1007 1237 1112 1275 nec
1140 1237 1396 1297 magnam
1434 1240 1554 1278 rem

129 1296 377 1361 sustineri
401 1298 564 1377 pos'se
591 1296 828 1356 credunt
853 1295 922 1355 ab
948 1319 1016 1357 eo
1040 1341 1057 1366 ,
1090 1303 1182 1357 cui
1205 1319 1389 1358 tacere
1421 1322 1553 1380 gra-

0 1434 1 1455 }
46 1430 51 1431 γ
131 1402 204 1442 ve
229 1381 337 1452 sit3
375 1379 531 1458 quod
558 1379 769 1438 homini
793 1376 1120 1439 facillimum
1154 1380 1552 1442 volueritesse

130 1481 348 1521 natura.
376 1461 475 1520 Ob
503 1463 643 1519 hanc
672 1458 887 1518 causam
925 1460 1257 1521 Alexander
1301 1465 1552 1523 omnium

110 1566 255 1623 ,quae
282 1541 433 1621 apud
457 1542 669 1601 hostem
690 1562 1046 1620 gererentur,
1071 1545 1291 1623 ignarus
1309 1587 1324 1612 ,
1350 1545 1550 1604 urbem

130 1628 326 1684 Gazan
354 1623 668 1701 obsideban
693 1624 933 1682 Praeerat
959 1627 1008 1683 ei
1034 1625 1189 1685 Betis
1206 1668 1223 1694 ‚
1261 1627 1473 1685 eximiae
1494 1633 1550 1688 in

117 1729 318 1786 regem
339 1703 495 1764 suum
520 1704 685 1779 fidei-3
709 1705 1048 1787 modicoque
1076 1707 1335 1786 praesidio
1360 1731 1552 1769 muros

122 1788 366 1868 ingentis
393 1792 574 1866 operis
599 1787 883 1846 tuebatur.
918 1789 1247 1849 Alexander
1283 1787 1549 1851 aestimato

125 1870 383 1930 locorum
408 1873 548 1938 situ,
572 1874 663 1949 agi
685 1871 972 1930 cuniculos
991 1874 1150 1948 jussit
1171 1915 1187 1942 ,
1220 1870 1368 1932 facili
1390 1895 1453 1932 ac
1474 1874 1551 1933 le-

126 1955 186 2015 vi
208 1953 381 2011 humo
416 1971 744 2030 acceptante
784 1953 1073 2012 occultum
1109 1976 1291 2034 opus:
1339 1957 1549 2035 quippe

127 2032 364 2093 multam
383 2054 603 2092 arenam
628 2034 871 2095 vicinum
898 2056 1046 2093 mare
1072 2039 1282 2096 evomit
1306 2058 1318 2095 :
1350 2058 1453 2097 nec
1475 2036 1549 2096 sa-

128 2137 200 2174 xa
225 2135 532 2195 cotesque,
568 2138 694 2196 quae
719 2116 1076 2196 interpellent
1097 2117 1293 2197 specus
1313 2162 1328 2186 ‚
1366 2119 1550 2179 obsta-

123 2196 286 2256 bant.
307 2195 491 2276 Igitur
511 2197 578 2256 ab
611 2220 673 2257 ea
705 2218 860 2277 parte
880 2241 896 2266 ‚
932 2221 1098 2279 quam
1123 2200 1388 2279 oppidani
1417 2222 1552 2273 con-2

125 2278 335 2358 spicere
361 2299 472 2336 non
507 2299 775 2358 possent,
827 2302 968 2360 opus
1010 2303 1166 2340 orsus
1199 2306 1217 2355 3
1255 2303 1315 2340 ut
1367 2306 1395 2342 a
1427 2284 1547 2343 sen-

126 2360 188 2419 su
213 2363 329 2441 ejus
361 2379 636 2420 averteret
658 2406 672 2431 ,
707 2380 888 2422 turres
925 2365 1093 2420 muris
1131 2363 1418 2424 admoveri
1450 2369 1548 2446 ju-'

125 2442 242 2501 bet.
293 2441 406 2500 Sed
448 2441 641 2501 eadem
685 2445 885 2502 humus
927 2444 1291 2504 admovendis
1335 2447 1548 2508 inutilis

123 2522 405 2592 turribus>
434 2523 721 2584 desidente
743 2523 935 2584 sabulo
967 2527 1271 2606 agilitatem
1297 2547 1546 2590 rotarum

101 2605 452 2679 „morabatur
469 2649 482 2672 ‚
509 2609 565 2665 ὃς
597 2607 843 2666 tabulata
865 2611 1102 2667 turrium
1126 2607 1544 2688 perfringebat3

125 2685 399 2767 multique
442 2687 878 2750 vulnerabantur
914 2690 1180 2772 impune,
1224 2712 1352 2750 cum
1393 2691 1542 2753 idem
