1747 3063
247 98 371 149 DE
420 92 1208 145 FREJNSHEMJUS.
1386 109 1450 155 27

26 185 246 264 {iraque
282 179 567 241 contemni
597 198 701 256 pro
734 178 956 256 parvis,
995 176 1109 234 sine
1147 173 1349 255 quibus
1380 176 1453 237 ad

28 269 236 342 majora
260 259 540 342 profectus
564 278 675 316 non
693 277 859 317 esset.
914 318 917 319 ⁷

105 352 286 415 Variis
313 349 513 411 deinde
540 348 808 430 magistris
832 393 847 418 ,
876 367 938 408 ut
963 349 1101 410 alius
1128 367 1244 408 arte
1271 348 1456 408 excei-

28 435 215 503 iebat,
244 455 409 502 usus,
451 453 562 490 non
590 429 762 491 modo
802 450 1045 490 mentem
1084 430 1318 510 egregiis
1351 431 1454 489 im·-

29 517 206 598 plevit
241 514 583 593 disciplini83
623 533 817 570 verum
844 514 1010 570 etiam
1035 533 1241 591 corpus
1277 511 1457 571 omnia

29 599 245 678 generis
269 592 759 654 exercitationibus
780 635 792 657 ‚
832 593 902 652 ad
935 614 1096 651 usum
1129 591 1408 651 bellorum
1435 633 1454 667 ‚

23 683 91 743 ’ἀ
129 677 449 757 patientiam
486 674 691 733 laboris
730 672 984 732 edomuit
1021 695 1033 730 :
1076 695 1143 731 ne
1175 693 1295 731 tum
1332 675 1459 752 quiq

29 759 160 821 dem
183 778 392 819 vacuus
417 799 433 825 ,
473 778 647 835 quum
683 755 845 812 otiari
881 754 1209 824 videretur-3
1245 756 1458 832 quippe

31 840 140 921 pila
174 881 189 908 ,
234 835 324 899 vel
357 836 640 896 saltatione
678 834 821 895 virili
850 859 872 905 ·,
921 856 1032 894 non
1074 855 1187 893 tam
1232 834 1456 893 laxabat

23 922 269 981 animum
308 939 475 998 quam
513 914 661 976 seriis
704 916 986 996 ohsequiis
1023 915 1270 975 membra
1309 936 1461 996 prat-z

26 1001 279 1085 parabat.

65 1300 586 1402 '-CAPU‚T
666 1311 1334 1374 TERTIUM.

49 1506 52 1507 ⁷
162 1495 199 1534 o
228 1495 251 1533 s
278 1494 320 1533 T
345 1493 449 1543 QU
473 1491 512 1532 A
539 1495 583 1533 Μ
636 1472 837 1534 deinde
893 1492 1023 1532 aetas
1068 1477 1126 1533 δε
1173 1472 1463 1555 ingenium:

37 1490 134 1621 P
160 1557 436 1637 paulisper
482 1555 729 1615 adolevit
763 1598 780 1626 ,
823 1559 1047 1635 jamque
1088 1554 1461 1617 severioribus

35 1638 221 1698 studiis
247 1638 482 1697 idoneus
507 1640 653 1697 visus
682 1635 798 1705 est„
821 1656 1147 1696 revocatum
1170 1682 1186 1707 ‚
1215 1641 1312 1719 qui
1335 1659 1459 1699 tum

33 1719 182 1801 apud
217 1719 574 1801 Mitylenaeos
600 1719 801 1799 agebat
823 1762 839 1788 ,
878 1717 1240 1779 Aristotelem
1270 1722 1461 1780 conti-

34 1802 146 1860 nuo
175 1799 358 1861 secum
392 1801 585 1859 habuit
607 1845 621 1869 ,
665 1799 847 1860 donec
872 1798 994 1879 post
1029 1821 1264 1860 mortem
1288 1803 1466 1881 patris>

31 1904 218 1943 rerum
258 1884 472 1963 potitus
511 1926 525 1951 ,
570 1882 762 1940 Asiam
807 1883 1107 1960 trajiceret.
1149 1883 1283 1957 Quo
1318 1903 1461 1944 tern-

33 1965 185 2044 poris
210 1964 415 2044 spatiO,
442 1962 719 2045 quidquid
744 1987 772 2023 a
794 1982 954 2022 tanto
978 1984 1325 2044 praeceptore
1350 1985 1462 2031 tra-s

36 2046 93 2105 di
130 2048 315 2125 potuit
353 2090 370 2116 ‚
422 2046 738 2126 perdidicit.
792 2045 1227 2124 Cognoscendae
1271 2069 1459 2107 rerum

33 2146 244 2186 naturae
275 2147 434 2187 tanto
461 2127 668 2189 avidius
698 2127 956 2186 incubuit
976 2169 992 2194 ‚
1033 2147 1246 2207 quanto
1276 2131 1459 2208 perti-2

34 2210 254 2268 naciore
274 2207 367 2289 spe
398 2211 688 2288 imperium
720 2209 963 2268 universi
992 2209 1141 2268 orbis
1172 2231 1457 2289 praecepe-

36 2310 140 2352 rat.
180 2291 359 2370 Cujus
391 2291 804 2372 indagationem
826 2289 1013 2370 postea
1037 2311 1265 2370 quoque
1292 2293 1456 2370 adju-

35 2373 118 2432 vit
138 2416 154 2441 ,
188 2373 349 2451 plane
373 2375 529 2454 regio
553 2378 610 2433 &
638 2375 820 2432 animo
838 2415 854 2441 ,
891 2376 949 2431 ὅτ,
970 2371 1213 2451 sumptu.
1239 2373 1457 2434 Aristo-

33 2452 132 2515 teli
168 2496 184 2522 ‚
226 2455 339 2533 quo
389 2476 612 2516 naturas
668 2455 983 2516 animalium
1033 2453 1233 2513 certius
1282 2475 1456 2537 atque

38 2535 373 2614 perspefflus
424 2537 785 2597 commentari
837 2555 1027 2616 posset
1060 2578 1076 2604 ‚
1135 2536 1256 2595 tota
1310 2537 1454 2598 Asia

35 2616 367 2697 Graeciaque
407 2640 599 2698 parere
633 2620 826 2699 jussit,
877 2636 1164 2698 quotquot
1204 2639 1411 2678 venatu
1431 2640 1457 2690 ,·

39 2700 276 2782 aucupio
293 2743 311 2774 2
344 2702 636 2784 piscatuve
663 2705 834 2765 vitam
863 2700 1181 2778 tolerabant
1199 2743 1212 2763 ‚
1243 2719 1337 2761 aut
1359 2702 1456 2761 ali-

1167 2800 1203 2849 B
1222 2798 1253 2864 ἐξ
