1747 3063
257 68 360 128 300
550 51 1465 128 <2UINTE-C‘[J'lfeT'CEga
1681 131 1684 133 Ι

259 148 332 205 sit
371 188 388 215 ,
447 151 544 227 qui
591 145 960 206 denunciaret
987 186 1004 212 ‚
1051 143 1109 203 ni
1162 141 1438 205 dederent
1468 186 1488 215 ,
1524 144 1717 228 ,ipsos

263 229 460 288 ultima
518 249 633 287 esse
685 248 969 307 passuros,
1017 223 1112 283 Illi
1160 224 1595 288 caduceatorem
1642 229 1704 289 'sn

255 316 456 369 turrim
478 353 495 379 ‚
531 314 588 369 ὅ(
614 311 721 368 situ
760 312 818 368 ὅ(
856 330 1028 389 opere
1060 306 1302 367 multum
1329 308 1538 369 editam
1569 308 1722 391 per-³

257 393 490 452 ductum
524 412 544 462 3
584 412 794 472 quanta
848 412 992 451 esset
1035 388 1319 461 altitudo,
1364 393 1570 453 intueri
1604 395 1711 474 ju-j.

257 474 396 533 bent
415 517 431 543 ,
459 495 524 533 ac
550 476 813 534 nunciare
835 472 1171 534 Alexandro
1194 516 1212 542 ‚
1249 494 1365 534 non
1396 474 1595 535 eadem
1615 477 1702 556 ip-

256 577 380 614 sum
407 557 703 616 &incolas
721 555 1080 618 aestimatione
1106 557 1452 616 munimenta
1476 559 1662 619 metiri
1682 565 1710 618 τΔ

252 636 309 697 se
339 637 474 699 scire
499 638 964 721 inexpugnabiles
996 661 1112 700 esse
1134 683 1151 708 ‚
1190 638 1260 699 ad
1297 637 1557 699 ultimum
1593 647 1725 722 pro‘

252 719 369 781 fide
407 728 732 784 morituros·
770 721 1041 782 Ceterum
1079 741 1140 781 ut
1171 721 1563 784 circumsideri
1601 745 1698 784 ar-

256 826 382 864 cem
406 847 423 874 ‚
462 808 522 865 &.
564 808 750 865 omnia
794 806 896 865 sibi
928 807 982 863 in
1021 805 1138 865 dies
1172 807 1406 864 areliora
1433 804 1701 866 viderunt

256 908 413 958 esse3
449 886 732 968 sexaginta
758 888 975 949 dierum
1008 887 1260 948 inducias
1293 887 1474 969 padri,
1509 907 1571 948 ut
1595 889 1703 949 nisi

254 970 402 1030 intra
432 992 530 1030 eos
559 972 827 1030 auxilium
859 970 1069 1030 Darius
1107 972 1240 1050 ipsis
1274 971 1509 1029 misisset
1529 1013 1546 1040 ,
1592 970 1698 1031 de-

255 1052 457 1112 derent
487 1053 723 1113 urbem:
767 1051 1063 1134 postquam
1107 1053 1241 1111 nihil
1281 1051 1413 1113 inde
1451 1054 1696 1133 praesidii

255 1135 615 1204 mittebatur,
642 1135 711 1195 ad
745 1135 1109 1216 praestitutam
1142 1135 1289 1196 diem
1315 1140 1615 1216 permisere
1638 1135 1693 1198 se
1716 1178 1723 1184 -

252 1219 819 1299 regi.Superveniunt
836 1218 1038 1280 deinde
1051 1218 1222 1299 legati
1236 1219 1694 1292 Atheniensium,

252 1320 513 1382 petentes
535 1344 552 1371 ‚
591 1320 646 1357 ut
683 1304 821 1380 capti
844 1300 989 1384 apud
1017 1304 1307 1359 Granicum
1331 1323 1541 1357 amnem
1575 1301 1692 1360 red-

255 1381 503 1439 derentur
529 1383 643 1440 sibi.
678 1383 784 1443 Ille
812 1407 912 1441 non
937 1383 1023 1439 hos
1051 1382 1201 1440 modo
1226 1429 1242 1448 ,
1269 1383 1370 1458 fi’d
1391 1386 1547 1439 etiam
1573 1403 1697 1444 cete-

252 1487 328 1521 ros
355 1469 545 1522 Graecos
575 1464 763 1541 restitui
775 1466 884 1540 suis
900 1471 1172 1540 jussurum
1199 1465 1522 1546 respondit,
1536 1469 1692 1546 finito

252 1550 452 1605 Persico
479 1547 625 1607 bello.
655 1549 951 1618 Ceterum,
976 1547 1155 1608 Dario
1177 1550 1500 1618 imminens,
1524 1572 1711 1632 quem¹

251 1629 507 1692 nondum
556 1630 906 1712 Euphratem
963 1630 1246 1713 superasse
1294 1653 1646 1712 cognoverat
1669 1677 1690 1705 ‚

250 1714 502 1794 undique
531 1722 724 1774 omnes
750 1716 940 1796 copias
967 1715 1248 1774 contrahit
1269 1758 1285 1783 ,
1318 1716 1453 1774 totis
1478 1717 1691 1778 viribus

249 1797 391 1856 tanti
424 1795 557 1856 belli
600 1797 896 1857 discrimen
938 1797 1209 1856 aditurus,
1248 1797 1493 1878 Phrygia
1528 1819 1689 1872 erat,

247 1901 348 1959 per
375 1899 542 1960 quam
565 1879 884 1940 ducebatur
901 1882 1179 1940 exercitus
1197 1923 1213 1950 ,
1239 1880 1494 1960 pluribus
1516 1883 1686 1956 vicis,

248 1984 415 2041 quam
443 1962 672 2022 urbibus
714 1961 992 2044 frequens,
1018 1962 1186 2022 Tunc
1214 1962 1458 2022 habebat
1492 1985 1687 2045 quon-

246 2046 375 2103 dam
412 2045 661 2106 nobilem
694 2046 869 2105 Midae
897 2047 1103 2126 regiam
1127 2089 1144 2114 ,
1174 2045 1456 2106 Gordium
1478 2062 1704 2108 nomen'

246 2125 321 2184 est
343 2127 499 2195 urbi,
527 2150 694 2209 quam
720 2129 1018 2209 Sangarius
1040 2133 1212 2187 amnis
1236 2127 1538 2212 interfluit,
1565 2131 1685 2211 pari

245 2209 546 2270 intervallo
584 2210 826 2270 Pontico
864 2215 920 2270 ὅς
949 2211 1157 2270 Cilicio
1191 2213 1327 2271 mari
1366 2211 1681 2275 distantem.

243 2288 403 2350 Inter
435 2293 554 2352 haec
586 2295 755 2353 maria
791 2291 1232 2374 angustissimum
1266 2294 1419 2352 Asiae
1443 2293 1679 2376 spatium

242 2396 362 2432 esse
406 2378 780 2457 comperimus
806 2420 823 2446 ,
875 2395 1119 2457 utroque
1167 2377 1222 2433 in
1271 2379 1445 2436 arelas
1491 2376 1678 2438 fauces

242 2458 620 2536 compellente
644 2479 866 2519 terram.
898 2459 1045 2532 Quae
1083 2460 1212 2540 quia
1243 2461 1558 2520 continenti
1577 2459 1679 2520 ad-

237 2540 412 2598 haeret
434 2585 451 2610 ‚
490 2540 583 2599 sed
604 2564 806 2623 magna
831 2564 898 2602 ex
925 2561 1081 2621 parte
1105 2543 1349 2623 cingitur
1369 2542 1632 2603 fluetibus
1651 2586 1671 2614 ‚
1726 2604 1728 2606 ,

234 2621 476 2702 speciem
497 2623 687 2682 insulae
714 2625 960 2703 praebet,
983 2646 1045 2683 ac
1069 2626 1170 2684 nisi
1190 2646 1358 2684 tenue
1379 2625 1672 2685 discrimen

235 2705 547 2783 objiceret,
589 2710 756 2769 maria
790 2730 913 2791 quae
941 2729 1090 2768 nunc
1124 2707 1327 2770 dividit
1358 2709 1672 2782 committer
1726 2706 1732 2797 '5

236 2807 342 2850 set·

1726 2534 1729 2565 Ι
