<?xml version="1.0" encoding="UTF-8"?>
<!DOCTYPE html PUBLIC "-//W3C//DTD XHTML 1.0 Transitional//EN"
    "http://www.w3.org/TR/xhtml1/DTD/xhtml1-transitional.dtd">
<html xmlns="http://www.w3.org/1999/xhtml" xml:lang="en" lang="en">
 <head>
  <title>
</title>
<meta http-equiv="Content-Type" content="text/html;charset=utf-8" />
  <meta name='ocr-system' content='tesseract 3.04.00' />
  <meta name='ocr-capabilities' content='ocr_page ocr_carea ocr_par ocr_line ocrx_word'/>
</head>
<body>
  <div class='ocr_page' id='page_1' title='image "./histoiredalexand01curt_0414.png"; bbox 0 0 1747 3063; ppageno 0'>
   <div class='ocr_carea' id='block_1_1' title="bbox 141 44 1352 133">
    <p class='ocr_par' dir='ltr' id='par_1_1' title="bbox 141 44 1352 133">
     <span class='ocr_line' id='line_1_1' title="bbox 141 44 1352 133; baseline 0.011 -24"><span class='ocrx_word' id='word_1_1' title='bbox 141 44 306 123; x_wconf 63' lang='lat'><strong>404·“²“</strong></span> <span class='ocrx_word' id='word_1_2' title='bbox 426 65 1147 133; x_wconf 78' lang='lat' dir='ltr'><em>QUINTE-CUR</em></span> <span class='ocrx_word' id='word_1_3' title='bbox 1187 65 1352 130; x_wconf 78' lang='lat' dir='ltr'><strong>cE;</strong></span> 
     </span>
    </p>
   </div>
   <div class='ocr_carea' id='block_1_2' title="bbox 110 147 1677 1642">
    <p class='ocr_par' dir='ltr' id='par_1_2' title="bbox 110 147 1677 1642">
     <span class='ocr_line' id='line_1_2' title="bbox 142 147 1592 237; baseline 0.009 -29"><span class='ocrx_word' id='word_1_4' title='bbox 142 147 353 212; x_wconf 86' lang='lat' dir='ltr'><strong>deinde</strong></span> <span class='ocrx_word' id='word_1_5' title='bbox 399 171 591 213; x_wconf 90' lang='lat' dir='ltr'><strong>totum</strong></span> <span class='ocrx_word' id='word_1_6' title='bbox 642 173 788 234; x_wconf 90' lang='lat' dir='ltr'><strong>opus</strong></span> <span class='ocrx_word' id='word_1_7' title='bbox 824 196 843 222; x_wconf 84' lang='lat'><em>‚</em></span> <span class='ocrx_word' id='word_1_8' title='bbox 891 152 1052 234; x_wconf 89' lang='lat' dir='ltr'><strong>quod</strong></span> <span class='ocrx_word' id='word_1_9' title='bbox 1091 153 1371 237; x_wconf 81' lang='lat' dir='ltr'><strong>stipitibus</strong></span> <span class='ocrx_word' id='word_1_10' title='bbox 1409 155 1592 221; x_wconf 71' lang='lat' dir='ltr'><strong>fuerat</strong></span> 
     </span>
     <span class='ocr_line' id='line_1_3' title="bbox 141 234 1420 318; baseline 0.005 -24"><span class='ocrx_word' id='word_1_11' title='bbox 141 234 401 296; x_wconf 82' lang='lat' dir='ltr'><strong>innixum</strong></span> <span class='ocrx_word' id='word_1_12' title='bbox 425 279 442 307; x_wconf 88' lang='lat'>‚</span> <span class='ocrx_word' id='word_1_13' title='bbox 476 234 850 295; x_wconf 84' lang='lat' dir='ltr'><strong>fundamento</strong></span> <span class='ocrx_word' id='word_1_14' title='bbox 877 236 1038 316; x_wconf 84' lang='lat' dir='ltr'><strong>lapso</strong></span> <span class='ocrx_word' id='word_1_15' title='bbox 1062 234 1420 318; x_wconf 80' lang='lat' dir='ltr'><strong>sequebatur.</strong></span> 
     </span>
     <span class='ocr_line' id='line_1_4' title="bbox 224 317 1675 402; baseline 0.007 -26"><span class='ocrx_word' id='word_1_16' title='bbox 224 317 413 400; x_wconf 86' lang='lat' dir='ltr'><strong>AEgro</strong></span> <span class='ocrx_word' id='word_1_17' title='bbox 444 319 612 377; x_wconf 85' lang='lat' dir='ltr'><strong>animi</strong></span> <span class='ocrx_word' id='word_1_18' title='bbox 632 317 967 378; x_wconf 81' lang='lat' dir='ltr'><strong>Alexandro</strong></span> <span class='ocrx_word' id='word_1_19' title='bbox 988 362 1004 388; x_wconf 87' lang='grc'>,</span> <span class='ocrx_word' id='word_1_20' title='bbox 1033 321 1096 378; x_wconf 60' lang='grc' dir='ltr'><strong>ὃς</strong></span> <span class='ocrx_word' id='word_1_21' title='bbox 1118 341 1309 380; x_wconf 86' lang='lat' dir='ltr'><strong>utrum</strong></span> <span class='ocrx_word' id='word_1_22' title='bbox 1330 340 1591 402; x_wconf 90' lang='lat' dir='ltr'><strong>perseve-</strong></span> <span class='ocrx_word' id='word_1_23' title='bbox 1667 356 1675 365; x_wconf 60' lang='lat'><strong><em>¹</em></strong></span> 
     </span>
     <span class='ocr_line' id='line_1_5' title="bbox 141 399 1589 488; baseline 0.005 -28"><span class='ocrx_word' id='word_1_24' title='bbox 141 421 291 461; x_wconf 89' lang='lat' dir='ltr'><strong>raret</strong></span> <span class='ocrx_word' id='word_1_25' title='bbox 311 443 330 472; x_wconf 83' lang='grc'>,</span> <span class='ocrx_word' id='word_1_26' title='bbox 368 423 437 461; x_wconf 92' lang='lat' dir='ltr'><strong>an</strong></span> <span class='ocrx_word' id='word_1_27' title='bbox 462 400 642 461; x_wconf 88' lang='lat' dir='ltr'><strong>abiret</strong></span> <span class='ocrx_word' id='word_1_28' title='bbox 663 443 679 470; x_wconf 84' lang='lat'>‚</span> <span class='ocrx_word' id='word_1_29' title='bbox 705 399 833 461; x_wconf 88' lang='lat' dir='ltr'><strong>satis</strong></span> <span class='ocrx_word' id='word_1_30' title='bbox 855 402 1075 461; x_wconf 89' lang='lat' dir='ltr'><strong>incerto</strong></span> <span class='ocrx_word' id='word_1_31' title='bbox 1099 445 1115 472; x_wconf 86' lang='lat'><strong><em>,</em></strong></span> <span class='ocrx_word' id='word_1_32' title='bbox 1155 402 1345 464; x_wconf 87' lang='lat' dir='ltr'><strong>classis</strong></span> <span class='ocrx_word' id='word_1_33' title='bbox 1384 406 1589 488; x_wconf 86' lang='lat' dir='ltr'><strong>Cypro</strong></span> 
     </span>
     <span class='ocr_line' id='line_1_6' title="bbox 137 482 1588 566; baseline 0.004 -22"><span class='ocrx_word' id='word_1_34' title='bbox 137 482 376 545; x_wconf 75' lang='lat' dir='ltr'><strong>advenit</strong></span> <span class='ocrx_word' id='word_1_35' title='bbox 404 503 425 556; x_wconf 82' lang='lat'>3</span> <span class='ocrx_word' id='word_1_36' title='bbox 471 482 789 566; x_wconf 86' lang='lat' dir='ltr'><strong>eodemque</strong></span> <span class='ocrx_word' id='word_1_37' title='bbox 827 503 1087 564; x_wconf 87' lang='lat' dir='ltr'><strong>tempore</strong></span> <span class='ocrx_word' id='word_1_38' title='bbox 1131 485 1416 549; x_wconf 80' lang='lat' dir='ltr'><strong>Cleander</strong></span> <span class='ocrx_word' id='word_1_39' title='bbox 1454 511 1588 550; x_wconf 88' lang='lat' dir='ltr'><strong>cum</strong></span> 
     </span>
     <span class='ocr_line' id='line_1_7' title="bbox 110 566 1588 648; baseline 0.005 -24"><span class='ocrx_word' id='word_1_40' title='bbox 110 567 363 627; x_wconf 17' lang='lat' dir='ltr'><strong>*Graecis</strong></span> <span class='ocrx_word' id='word_1_41' title='bbox 413 566 685 626; x_wconf 74' lang='lat' dir='ltr'>militibus</span> <span class='ocrx_word' id='word_1_42' title='bbox 731 571 789 627; x_wconf 88' lang='lat' dir='ltr'><strong>in</strong></span> <span class='ocrx_word' id='word_1_43' title='bbox 831 566 1030 626; x_wconf 80' lang='lat' dir='ltr'>Asiam</span> <span class='ocrx_word' id='word_1_44' title='bbox 1071 589 1253 648; x_wconf 83' lang='lat' dir='ltr'><strong>nuper</strong></span> <span class='ocrx_word' id='word_1_45' title='bbox 1294 570 1588 632; x_wconf 64' lang='lat' dir='ltr'><strong>advectus.</strong></span> 
     </span>
     <span class='ocr_line' id='line_1_8' title="bbox 145 648 1589 731; baseline 0.004 -23"><span class='ocrx_word' id='word_1_46' title='bbox 145 648 399 710; x_wconf 87' lang='lat' dir='ltr'><strong>Centum</strong></span> <span class='ocrx_word' id='word_1_47' title='bbox 430 653 489 710; x_wconf 87' lang='lat'>&amp;</span> <span class='ocrx_word' id='word_1_48' title='bbox 515 654 822 731; x_wconf 80' lang='lat' dir='ltr'>nonaginta</span> <span class='ocrx_word' id='word_1_49' title='bbox 859 652 1086 710; x_wconf 88' lang='lat' dir='ltr'><strong>navium</strong></span> <span class='ocrx_word' id='word_1_50' title='bbox 1111 651 1345 713; x_wconf 79' lang='lat' dir='ltr'><strong>classem</strong></span> <span class='ocrx_word' id='word_1_51' title='bbox 1379 654 1433 725; x_wconf 90' lang='lat' dir='ltr'><strong>in</strong></span> <span class='ocrx_word' id='word_1_52' title='bbox 1470 653 1589 714; x_wconf 87' lang='lat' dir='ltr'><strong>duo</strong></span> 
     </span>
     <span class='ocr_line' id='line_1_9' title="bbox 143 730 1589 819; baseline 0.004 -28"><span class='ocrx_word' id='word_1_53' title='bbox 143 730 348 793; x_wconf 86' lang='lat' dir='ltr'><strong>dividit</strong></span> <span class='ocrx_word' id='word_1_54' title='bbox 384 754 598 793; x_wconf 87' lang='lat' dir='ltr'><strong>cornua</strong></span> <span class='ocrx_word' id='word_1_55' title='bbox 630 754 649 806; x_wconf 83' lang='lat'>3</span> <span class='ocrx_word' id='word_1_56' title='bbox 684 733 908 801; x_wconf 45' lang='lat' dir='ltr'><strong>‚laevum</strong></span> <span class='ocrx_word' id='word_1_57' title='bbox 931 733 1276 816; x_wconf 77' lang='lat' dir='ltr'><strong>Pyragora8‚</strong></span> <span class='ocrx_word' id='word_1_58' title='bbox 1316 758 1415 796; x_wconf 84' lang='lat' dir='ltr'><strong>rex</strong></span> <span class='ocrx_word' id='word_1_59' title='bbox 1458 736 1589 819; x_wconf 88' lang='lat' dir='ltr'><strong>Cy-</strong></span> 
     </span>
     <span class='ocr_line' id='line_1_10' title="bbox 139 815 1591 895; baseline 0.004 -21"><span class='ocrx_word' id='word_1_60' title='bbox 139 815 439 895; x_wconf 82' lang='lat' dir='ltr'><strong>priorum,</strong></span> <span class='ocrx_word' id='word_1_61' title='bbox 487 838 619 877; x_wconf 87' lang='lat' dir='ltr'><strong>cum</strong></span> <span class='ocrx_word' id='word_1_62' title='bbox 675 816 920 876; x_wconf 89' lang='lat' dir='ltr'><strong>Cratero</strong></span> <span class='ocrx_word' id='word_1_63' title='bbox 963 817 1231 878; x_wconf 86' lang='lat' dir='ltr'><strong>tuebatur</strong></span> <span class='ocrx_word' id='word_1_64' title='bbox 1269 839 1281 876; x_wconf 92' lang='lat'><strong>:</strong></span> <span class='ocrx_word' id='word_1_65' title='bbox 1333 819 1591 881; x_wconf 76' lang='lat' dir='ltr'><strong>Alexan-</strong></span> 
     </span>
     <span class='ocr_line' id='line_1_11' title="bbox 144 897 1677 980; baseline 0.003 -22"><span class='ocrx_word' id='word_1_66' title='bbox 144 897 313 958; x_wconf 88' lang='lat' dir='ltr'><strong>drum</strong></span> <span class='ocrx_word' id='word_1_67' title='bbox 346 901 401 957; x_wconf 89' lang='lat' dir='ltr'><strong>in</strong></span> <span class='ocrx_word' id='word_1_68' title='bbox 439 898 645 959; x_wconf 80' lang='lat' dir='ltr'><strong>dextro</strong></span> <span class='ocrx_word' id='word_1_69' title='bbox 683 901 1102 980; x_wconf 76' lang='lat' dir='ltr'><strong>quinqueremis</strong></span> <span class='ocrx_word' id='word_1_70' title='bbox 1145 901 1297 980; x_wconf 88' lang='lat' dir='ltr'><strong>regia</strong></span> <span class='ocrx_word' id='word_1_71' title='bbox 1322 903 1589 963; x_wconf 82' lang='lat' dir='ltr'><strong>vehebat.</strong></span> <span class='ocrx_word' id='word_1_72' title='bbox 1673 940 1677 943; x_wconf 84' lang='lat'><em>-</em></span> 
     </span>
     <span class='ocr_line' id='line_1_12' title="bbox 144 980 1655 1065; baseline 0.004 -27"><span class='ocrx_word' id='word_1_73' title='bbox 144 980 274 1041; x_wconf 91' lang='lat' dir='ltr'><strong>Nec</strong></span> <span class='ocrx_word' id='word_1_74' title='bbox 296 980 492 1065; x_wconf 83' lang='lat' dir='ltr'><strong>Tyrii,</strong></span> <span class='ocrx_word' id='word_1_75' title='bbox 518 1005 843 1063; x_wconf 82' lang='lat' dir='ltr'><strong>quanquam</strong></span> <span class='ocrx_word' id='word_1_76' title='bbox 869 984 1103 1041; x_wconf 77' lang='lat' dir='ltr'><strong>cias-sem</strong></span> <span class='ocrx_word' id='word_1_77' title='bbox 1127 982 1412 1044; x_wconf 90' lang='lat' dir='ltr'><strong>habebant</strong></span> <span class='ocrx_word' id='word_1_78' title='bbox 1431 1028 1447 1054; x_wconf 88' lang='grc'>,</span> <span class='ocrx_word' id='word_1_79' title='bbox 1474 990 1595 1045; x_wconf 79' lang='lat' dir='ltr'><strong>ausi.</strong></span> <span class='ocrx_word' id='word_1_80' title='bbox 1652 986 1655 987; x_wconf 42' lang='lat'><em>⁷</em></span> 
     </span>
     <span class='ocr_line' id='line_1_13' title="bbox 144 1064 1591 1135; baseline 0.005 -14"><span class='ocrx_word' id='word_1_81' title='bbox 144 1064 349 1124; x_wconf 86' lang='lat' dir='ltr'><strong>navale</strong></span> <span class='ocrx_word' id='word_1_82' title='bbox 394 1066 531 1125; x_wconf 81' lang='lat' dir='ltr'><strong>inire</strong></span> <span class='ocrx_word' id='word_1_83' title='bbox 569 1083 892 1135; x_wconf 60' lang='lat' dir='ltr'><strong>certamem</strong></span> <span class='ocrx_word' id='word_1_84' title='bbox 932 1066 1186 1124; x_wconf 80' lang='lat' dir='ltr'><strong>triremes</strong></span> <span class='ocrx_word' id='word_1_85' title='bbox 1228 1087 1425 1127; x_wconf 86' lang='lat' dir='ltr'><strong>omnes</strong></span> <span class='ocrx_word' id='word_1_86' title='bbox 1461 1088 1591 1128; x_wconf 85' lang='lat' dir='ltr'><strong>ante</strong></span> 
     </span>
     <span class='ocr_line' id='line_1_14' title="bbox 144 1146 1591 1228; baseline 0.004 -23"><span class='ocrx_word' id='word_1_87' title='bbox 144 1146 265 1227; x_wconf 85' lang='lat' dir='ltr'><strong>ipsa</strong></span> <span class='ocrx_word' id='word_1_88' title='bbox 297 1148 504 1208; x_wconf 84' lang='lat' dir='ltr'><strong>moenia</strong></span> <span class='ocrx_word' id='word_1_89' title='bbox 541 1167 935 1228; x_wconf 84' lang='lat' dir='ltr'><strong>opposuerunt</strong></span> <span class='ocrx_word' id='word_1_90' title='bbox 964 1167 977 1206; x_wconf 91' lang='lat'><strong>:</strong></span> <span class='ocrx_word' id='word_1_91' title='bbox 1030 1146 1237 1228; x_wconf 87' lang='lat' dir='ltr'><strong>quibus</strong></span> <span class='ocrx_word' id='word_1_92' title='bbox 1267 1171 1368 1210; x_wconf 84' lang='lat' dir='ltr'><strong>rex</strong></span> <span class='ocrx_word' id='word_1_93' title='bbox 1402 1152 1591 1211; x_wconf 85' lang='lat' dir='ltr'><strong>invec-</strong></span> 
     </span>
     <span class='ocr_line' id='line_1_15' title="bbox 143 1228 1593 1310; baseline 0.004 -22"><span class='ocrx_word' id='word_1_94' title='bbox 143 1249 238 1289; x_wconf 87' lang='lat' dir='ltr'><strong>tus</strong></span> <span class='ocrx_word' id='word_1_95' title='bbox 268 1230 415 1310; x_wconf 88' lang='lat' dir='ltr'><strong>ipsas</strong></span> <span class='ocrx_word' id='word_1_96' title='bbox 442 1229 729 1291; x_wconf 83' lang='lat' dir='ltr'><strong>demersit.</strong></span> <span class='ocrx_word' id='word_1_97' title='bbox 769 1228 994 1290; x_wconf 87' lang='lat' dir='ltr'><strong>Postera</strong></span> <span class='ocrx_word' id='word_1_98' title='bbox 1022 1230 1112 1290; x_wconf 82' lang='lat' dir='ltr'><strong>die</strong></span> <span class='ocrx_word' id='word_1_99' title='bbox 1150 1229 1324 1292; x_wconf 82' lang='lat' dir='ltr'><strong>classe</strong></span> <span class='ocrx_word' id='word_1_100' title='bbox 1357 1231 1428 1294; x_wconf 84' lang='lat' dir='ltr'><strong>ad</strong></span> <span class='ocrx_word' id='word_1_101' title='bbox 1451 1255 1593 1294; x_wconf 88' lang='lat' dir='ltr'><strong>moe-</strong></span> 
     </span>
     <span class='ocr_line' id='line_1_16' title="bbox 144 1311 1591 1394; baseline 0.003 -22"><span class='ocrx_word' id='word_1_102' title='bbox 144 1313 237 1373; x_wconf 89' lang='lat' dir='ltr'><strong>nia</strong></span> <span class='ocrx_word' id='word_1_103' title='bbox 267 1311 540 1387; x_wconf 81' lang='lat' dir='ltr'><strong>admota3</strong></span> <span class='ocrx_word' id='word_1_104' title='bbox 579 1312 832 1394; x_wconf 79' lang='lat' dir='ltr'><strong>undique</strong></span> <span class='ocrx_word' id='word_1_105' title='bbox 874 1315 1170 1374; x_wconf 86' lang='lat' dir='ltr'><strong>tormentis</strong></span> <span class='ocrx_word' id='word_1_106' title='bbox 1197 1358 1213 1385; x_wconf 83' lang='lat'>‚</span> <span class='ocrx_word' id='word_1_107' title='bbox 1254 1318 1311 1375; x_wconf 88' lang='lat'>&amp;</span> <span class='ocrx_word' id='word_1_108' title='bbox 1350 1319 1591 1378; x_wconf 83' lang='lat' dir='ltr'><strong>maxime</strong></span> 
     </span>
     <span class='ocr_line' id='line_1_17' title="bbox 145 1395 1592 1480; baseline 0.003 -24"><span class='ocrx_word' id='word_1_109' title='bbox 145 1397 385 1456; x_wconf 86' lang='lat' dir='ltr'><strong>arietum</strong></span> <span class='ocrx_word' id='word_1_110' title='bbox 404 1395 571 1474; x_wconf 88' lang='lat' dir='ltr'><strong>pulsu</strong></span> <span class='ocrx_word' id='word_1_111' title='bbox 593 1439 610 1465; x_wconf 84' lang='grc'>,</span> <span class='ocrx_word' id='word_1_112' title='bbox 638 1417 829 1455; x_wconf 87' lang='lat' dir='ltr'><strong>muros</strong></span> <span class='ocrx_word' id='word_1_113' title='bbox 856 1398 1036 1476; x_wconf 87' lang='lat' dir='ltr'><strong>quatit</strong></span> <span class='ocrx_word' id='word_1_114' title='bbox 1063 1418 1074 1453; x_wconf 93' lang='lat'>:</span> <span class='ocrx_word' id='word_1_115' title='bbox 1113 1419 1254 1477; x_wconf 88' lang='lat' dir='ltr'><strong>quos</strong></span> <span class='ocrx_word' id='word_1_116' title='bbox 1281 1396 1444 1480; x_wconf 72' lang='lat' dir='ltr'><strong>Tyrii</strong></span> <span class='ocrx_word' id='word_1_117' title='bbox 1470 1422 1592 1480; x_wconf 89' lang='lat' dir='ltr'><strong>rap-</strong></span> 
     </span>
     <span class='ocr_line' id='line_1_18' title="bbox 146 1476 1589 1551; baseline 0.003 -13"><span class='ocrx_word' id='word_1_118' title='bbox 146 1483 250 1540; x_wconf 84' lang='lat' dir='ltr'><strong>tim</strong></span> <span class='ocrx_word' id='word_1_119' title='bbox 296 1477 590 1538; x_wconf 60' lang='lat' dir='ltr'><strong>obstructis</strong></span> <span class='ocrx_word' id='word_1_120' title='bbox 639 1476 780 1539; x_wconf 82' lang='lat' dir='ltr'><strong>saxis</strong></span> <span class='ocrx_word' id='word_1_121' title='bbox 831 1476 1204 1551; x_wconf 79' lang='lat' dir='ltr'><strong>refecerunt3</strong></span> <span class='ocrx_word' id='word_1_122' title='bbox 1263 1482 1589 1543; x_wconf 87' lang='lat' dir='ltr'><strong>interiorem</strong></span> 
     </span>
     <span class='ocr_line' id='line_1_19' title="bbox 147 1559 1590 1642; baseline 0.006 -23"><span class='ocrx_word' id='word_1_123' title='bbox 147 1582 380 1642; x_wconf 85' lang='lat' dir='ltr'><strong>quoque</strong></span> <span class='ocrx_word' id='word_1_124' title='bbox 415 1582 636 1619; x_wconf 84' lang='lat' dir='ltr'><strong>murum</strong></span> <span class='ocrx_word' id='word_1_125' title='bbox 658 1605 674 1630; x_wconf 84' lang='grc'>,</span> <span class='ocrx_word' id='word_1_126' title='bbox 713 1581 773 1619; x_wconf 87' lang='lat' dir='ltr'><strong>ut</strong></span> <span class='ocrx_word' id='word_1_127' title='bbox 797 1565 838 1620; x_wconf 88' lang='lat' dir='ltr'><strong>si</strong></span> <span class='ocrx_word' id='word_1_128' title='bbox 871 1562 1025 1640; x_wconf 75' lang='lat' dir='ltr'><strong>prior</strong></span> <span class='ocrx_word' id='word_1_129' title='bbox 1050 1559 1376 1632; x_wconf 66' lang='lat' dir='ltr'><strong>fefellisset,</strong></span> <span class='ocrx_word' id='word_1_130' title='bbox 1412 1565 1509 1624; x_wconf 85' lang='lat' dir='ltr'><strong>illo</strong></span> <span class='ocrx_word' id='word_1_131' title='bbox 1535 1563 1590 1628; x_wconf 81' lang='lat' dir='ltr'><strong>se</strong></span> 
     </span>
    </p>
   </div>
   <div class='ocr_carea' id='block_1_3' title="bbox 145 1644 1694 1726">
    <p class='ocr_par' dir='ltr' id='par_1_3' title="bbox 145 1644 1694 1726">
     <span class='ocr_line' id='line_1_20' title="bbox 145 1644 1694 1726; baseline 0.005 -24"><span class='ocrx_word' id='word_1_132' title='bbox 145 1663 473 1713; x_wconf 75' lang='lat' dir='ltr'><strong>tuerentur,</strong></span> <span class='ocrx_word' id='word_1_133' title='bbox 502 1644 752 1724; x_wconf 62' lang='lat' dir='ltr'><strong>undique</strong></span> <span class='ocrx_word' id='word_1_134' title='bbox 785 1646 916 1702; x_wconf 82' lang='lat' dir='ltr'><strong>orsi.</strong></span> <span class='ocrx_word' id='word_1_135' title='bbox 944 1644 1058 1705; x_wconf 74' lang='lat' dir='ltr'><strong>Sed</strong></span> <span class='ocrx_word' id='word_1_136' title='bbox 1094 1645 1341 1726; x_wconf 80' lang='lat' dir='ltr'><strong>undique</strong></span> <span class='ocrx_word' id='word_1_137' title='bbox 1368 1651 1452 1708; x_wconf 85' lang='lat' dir='ltr'><strong>vis</strong></span> <span class='ocrx_word' id='word_1_138' title='bbox 1477 1670 1592 1707; x_wconf 79' lang='lat' dir='ltr'><strong>ma-</strong></span> <span class='ocrx_word' id='word_1_139' title='bbox 1673 1698 1694 1709; x_wconf 73' lang='grc'>,</span> 
     </span>
    </p>
   </div>
   <div class='ocr_carea' id='block_1_4' title="bbox 139 1725 1593 2803">
    <p class='ocr_par' dir='ltr' id='par_1_4' title="bbox 139 1725 1593 2716">
     <span class='ocr_line' id='line_1_21' title="bbox 144 1725 1592 1807; baseline 0.003 -22"><span class='ocrx_word' id='word_1_140' title='bbox 144 1725 186 1785; x_wconf 84' lang='lat' dir='ltr'><strong>li</strong></span> <span class='ocrx_word' id='word_1_141' title='bbox 220 1727 460 1807; x_wconf 86' lang='lat' dir='ltr'><strong>urgebat</strong></span> <span class='ocrx_word' id='word_1_142' title='bbox 485 1747 499 1785; x_wconf 89' lang='lat'>:</span> <span class='ocrx_word' id='word_1_143' title='bbox 528 1726 704 1786; x_wconf 74' lang='lat' dir='ltr'><strong>moles</strong></span> <span class='ocrx_word' id='word_1_144' title='bbox 738 1729 882 1787; x_wconf 84' lang='lat' dir='ltr'><strong>intra</strong></span> <span class='ocrx_word' id='word_1_145' title='bbox 904 1727 1000 1787; x_wconf 83' lang='lat' dir='ltr'><strong>teli</strong></span> <span class='ocrx_word' id='word_1_146' title='bbox 1035 1729 1242 1806; x_wconf 52' lang='lat' dir='ltr'><strong>jacium</strong></span> <span class='ocrx_word' id='word_1_147' title='bbox 1269 1748 1427 1801; x_wconf 80' lang='lat' dir='ltr'><strong>erat3</strong></span> <span class='ocrx_word' id='word_1_148' title='bbox 1456 1729 1592 1790; x_wconf 76' lang='lat' dir='ltr'><strong>clas-</strong></span> 
     </span>
     <span class='ocr_line' id='line_1_22' title="bbox 146 1807 1592 1873; baseline 0.002 -4"><span class='ocrx_word' id='word_1_149' title='bbox 146 1811 217 1870; x_wconf 90' lang='lat' dir='ltr'><strong>sis</strong></span> <span class='ocrx_word' id='word_1_150' title='bbox 252 1811 459 1870; x_wconf 86' lang='lat' dir='ltr'><strong>moenia</strong></span> <span class='ocrx_word' id='word_1_151' title='bbox 502 1807 838 1870; x_wconf 83' lang='lat' dir='ltr'><strong>circumibat</strong></span> <span class='ocrx_word' id='word_1_152' title='bbox 874 1832 887 1868; x_wconf 74' lang='grc' dir='ltr'>ε</span> <span class='ocrx_word' id='word_1_153' title='bbox 928 1808 1170 1870; x_wconf 87' lang='lat' dir='ltr'><strong>terrestri</strong></span> <span class='ocrx_word' id='word_1_154' title='bbox 1199 1809 1357 1872; x_wconf 88' lang='lat' dir='ltr'><strong>simu]</strong></span> <span class='ocrx_word' id='word_1_155' title='bbox 1384 1814 1592 1873; x_wconf 76' lang='lat' dir='ltr'><strong>navali-</strong></span> 
     </span>
     <span class='ocr_line' id='line_1_23' title="bbox 145 1891 1587 1975; baseline 0.003 -24"><span class='ocrx_word' id='word_1_156' title='bbox 145 1914 257 1974; x_wconf 92' lang='lat' dir='ltr'><strong>que</strong></span> <span class='ocrx_word' id='word_1_157' title='bbox 285 1891 447 1952; x_wconf 89' lang='lat' dir='ltr'><strong>clade</strong></span> <span class='ocrx_word' id='word_1_158' title='bbox 479 1891 887 1952; x_wconf 83' lang='lat' dir='ltr'><strong>obruebantur.</strong></span> <span class='ocrx_word' id='word_1_159' title='bbox 923 1892 1153 1973; x_wconf 79' lang='lat' dir='ltr'><strong>Quippe</strong></span> <span class='ocrx_word' id='word_1_160' title='bbox 1180 1893 1336 1953; x_wconf 78' lang='lat' dir='ltr'><strong>binas</strong></span> <span class='ocrx_word' id='word_1_161' title='bbox 1363 1896 1587 1975; x_wconf 86' lang='lat' dir='ltr'><strong>quadri-</strong></span> 
     </span>
     <span class='ocr_line' id='line_1_24' title="bbox 145 1974 1590 2054; baseline 0.003 -20"><span class='ocrx_word' id='word_1_162' title='bbox 145 1996 327 2035; x_wconf 86' lang='lat' dir='ltr'><strong>remes</strong></span> <span class='ocrx_word' id='word_1_163' title='bbox 362 1974 711 2036; x_wconf 79' lang='lat' dir='ltr'><strong>Macedones</strong></span> <span class='ocrx_word' id='word_1_164' title='bbox 755 1975 900 2034; x_wconf 91' lang='lat' dir='ltr'><strong>inter</strong></span> <span class='ocrx_word' id='word_1_165' title='bbox 936 1974 988 2033; x_wconf 87' lang='lat' dir='ltr'><strong>se</strong></span> <span class='ocrx_word' id='word_1_166' title='bbox 1032 1977 1108 2034; x_wconf 87' lang='lat' dir='ltr'><strong>ita</strong></span> <span class='ocrx_word' id='word_1_167' title='bbox 1145 1978 1485 2054; x_wconf 74' lang='lat' dir='ltr'><strong>junxerant,</strong></span> <span class='ocrx_word' id='word_1_168' title='bbox 1527 1998 1590 2039; x_wconf 84' lang='lat' dir='ltr'><strong>ut</strong></span> 
     </span>
     <span class='ocr_line' id='line_1_25' title="bbox 145 2057 1589 2140; baseline 0.001 -23"><span class='ocrx_word' id='word_1_169' title='bbox 145 2079 333 2138; x_wconf 86' lang='lat' dir='ltr'><strong>prorae</strong></span> <span class='ocrx_word' id='word_1_170' title='bbox 360 2059 712 2118; x_wconf 85' lang='lat' dir='ltr'><strong>cohaererent</strong></span> <span class='ocrx_word' id='word_1_171' title='bbox 736 2077 756 2127; x_wconf 81' lang='lat'>3</span> <span class='ocrx_word' id='word_1_172' title='bbox 791 2078 1010 2138; x_wconf 87' lang='lat' dir='ltr'><strong>puppes</strong></span> <span class='ocrx_word' id='word_1_173' title='bbox 1037 2057 1337 2117; x_wconf 85' lang='lat' dir='ltr'><strong>intervallo</strong></span> <span class='ocrx_word' id='word_1_174' title='bbox 1358 2102 1376 2129; x_wconf 88' lang='grc'>,</span> <span class='ocrx_word' id='word_1_175' title='bbox 1413 2082 1589 2140; x_wconf 82' lang='lat' dir='ltr'><strong>quan-</strong></span> 
     </span>
     <span class='ocr_line' id='line_1_26' title="bbox 146 2138 1592 2223; baseline 0.001 -22"><span class='ocrx_word' id='word_1_176' title='bbox 146 2158 268 2201; x_wconf 87' lang='lat' dir='ltr'><strong>tum</strong></span> <span class='ocrx_word' id='word_1_177' title='bbox 295 2162 494 2220; x_wconf 89' lang='lat' dir='ltr'><strong>capere</strong></span> <span class='ocrx_word' id='word_1_178' title='bbox 523 2158 788 2223; x_wconf 85' lang='lat' dir='ltr'><strong>poterant</strong></span> <span class='ocrx_word' id='word_1_179' title='bbox 808 2182 824 2209; x_wconf 86' lang='grc'>,</span> <span class='ocrx_word' id='word_1_180' title='bbox 846 2138 1130 2200; x_wconf 85' lang='lat' dir='ltr'><strong>distarent.</strong></span> <span class='ocrx_word' id='word_1_181' title='bbox 1153 2141 1290 2200; x_wconf 92' lang='lat' dir='ltr'><strong>Hoc</strong></span> <span class='ocrx_word' id='word_1_182' title='bbox 1311 2148 1592 2221; x_wconf 79' lang='lat' dir='ltr'><strong>puppium</strong></span> 
     </span>
     <span class='ocr_line' id='line_1_27' title="bbox 139 2222 1592 2302; baseline 0 -20"><span class='ocrx_word' id='word_1_183' title='bbox 139 2223 507 2284; x_wconf 86' lang='lat' dir='ltr'><strong>intervallum</strong></span> <span class='ocrx_word' id='word_1_184' title='bbox 529 2223 785 2284; x_wconf 86' lang='lat' dir='ltr'><strong>antennis</strong></span> <span class='ocrx_word' id='word_1_185' title='bbox 810 2222 1202 2302; x_wconf 85' lang='lat' dir='ltr'><strong>asseribusque</strong></span> <span class='ocrx_word' id='word_1_186' title='bbox 1233 2223 1429 2284; x_wconf 87' lang='lat' dir='ltr'><strong>validis</strong></span> <span class='ocrx_word' id='word_1_187' title='bbox 1452 2223 1592 2285; x_wconf 82' lang='lat' dir='ltr'><strong>deli·</strong></span> 
     </span>
     <span class='ocr_line' id='line_1_28' title="bbox 145 2304 1591 2387; baseline 0.001 -24"><span class='ocrx_word' id='word_1_188' title='bbox 145 2307 291 2385; x_wconf 85' lang='lat' dir='ltr'><strong>gatis</strong></span> <span class='ocrx_word' id='word_1_189' title='bbox 311 2350 327 2375; x_wconf 82' lang='lat'><em>,</em></span> <span class='ocrx_word' id='word_1_190' title='bbox 353 2304 631 2387; x_wconf 89' lang='lat' dir='ltr'><strong>superque</strong></span> <span class='ocrx_word' id='word_1_191' title='bbox 660 2327 759 2365; x_wconf 86' lang='lat' dir='ltr'><strong>eos</strong></span> <span class='ocrx_word' id='word_1_192' title='bbox 779 2305 1050 2384; x_wconf 88' lang='lat' dir='ltr'><strong>pontibus</strong></span> <span class='ocrx_word' id='word_1_193' title='bbox 1082 2304 1262 2364; x_wconf 85' lang='lat' dir='ltr'><strong>stratis</strong></span> <span class='ocrx_word' id='word_1_194' title='bbox 1284 2347 1302 2374; x_wconf 89' lang='lat'><strong><em>,</em></strong></span> <span class='ocrx_word' id='word_1_195' title='bbox 1332 2310 1431 2386; x_wconf 86' lang='lat' dir='ltr'><strong>qui</strong></span> <span class='ocrx_word' id='word_1_196' title='bbox 1452 2306 1591 2365; x_wconf 85' lang='lat' dir='ltr'><strong>mili·</strong></span> 
     </span>
     <span class='ocr_line' id='line_1_29' title="bbox 145 2386 1593 2468; baseline 0.001 -20"><span class='ocrx_word' id='word_1_197' title='bbox 145 2407 262 2448; x_wconf 89' lang='lat' dir='ltr'><strong>tem</strong></span> <span class='ocrx_word' id='word_1_198' title='bbox 291 2386 660 2457; x_wconf 84' lang='lat' dir='ltr'><strong>sustinerent,</strong></span> <span class='ocrx_word' id='word_1_199' title='bbox 706 2387 1078 2468; x_wconf 84' lang='lat' dir='ltr'><strong>impleverant</strong></span> <span class='ocrx_word' id='word_1_200' title='bbox 1120 2408 1133 2446; x_wconf 87' lang='lat'>:</span> <span class='ocrx_word' id='word_1_201' title='bbox 1181 2388 1260 2446; x_wconf 87' lang='lat' dir='ltr'><strong>sic</strong></span> <span class='ocrx_word' id='word_1_202' title='bbox 1304 2386 1593 2450; x_wconf 63' lang='lat' dir='ltr'><strong>instrustas</strong></span> 
     </span>
     <span class='ocr_line' id='line_1_30' title="bbox 146 2467 1590 2551; baseline 0.003 -22"><span class='ocrx_word' id='word_1_203' title='bbox 146 2470 529 2550; x_wconf 85' lang='lat' dir='ltr'><strong>quadriremes</strong></span> <span class='ocrx_word' id='word_1_204' title='bbox 554 2467 625 2531; x_wconf 87' lang='lat' dir='ltr'><strong>ad</strong></span> <span class='ocrx_word' id='word_1_205' title='bbox 657 2469 853 2530; x_wconf 87' lang='lat' dir='ltr'><strong>urbem</strong></span> <span class='ocrx_word' id='word_1_206' title='bbox 889 2469 1163 2551; x_wconf 83' lang='lat' dir='ltr'><strong>agebant:</strong></span> <span class='ocrx_word' id='word_1_207' title='bbox 1193 2467 1322 2530; x_wconf 88' lang='lat' dir='ltr'><strong>inde</strong></span> <span class='ocrx_word' id='word_1_208' title='bbox 1365 2470 1590 2534; x_wconf 82' lang='lat' dir='ltr'><strong>missilia</strong></span> 
     </span>
     <span class='ocr_line' id='line_1_31' title="bbox 144 2554 1593 2635; baseline 0.002 -24"><span class='ocrx_word' id='word_1_209' title='bbox 144 2554 200 2612; x_wconf 84' lang='lat' dir='ltr'><strong>in</strong></span> <span class='ocrx_word' id='word_1_210' title='bbox 226 2573 648 2634; x_wconf 85' lang='lat' dir='ltr'><strong>propugnantes</strong></span> <span class='ocrx_word' id='word_1_211' title='bbox 672 2554 1075 2633; x_wconf 86' lang='lat' dir='ltr'><strong>ingerebantur</strong></span> <span class='ocrx_word' id='word_1_212' title='bbox 1105 2571 1233 2612; x_wconf 89' lang='lat' dir='ltr'><strong>tuto</strong></span> <span class='ocrx_word' id='word_1_213' title='bbox 1259 2594 1277 2621; x_wconf 89' lang='grc'>,</span> <span class='ocrx_word' id='word_1_214' title='bbox 1312 2554 1439 2634; x_wconf 89' lang='lat' dir='ltr'><strong>quia</strong></span> <span class='ocrx_word' id='word_1_215' title='bbox 1463 2575 1593 2635; x_wconf 50' lang='lat' dir='ltr'><strong>prof</strong></span> 
     </span>
     <span class='ocr_line' id='line_1_32' title="bbox 145 2635 771 2716; baseline 0.002 -21"><span class='ocrx_word' id='word_1_216' title='bbox 145 2641 221 2698; x_wconf 86' lang='lat' dir='ltr'><strong>ris</strong></span> <span class='ocrx_word' id='word_1_217' title='bbox 260 2635 416 2695; x_wconf 89' lang='lat' dir='ltr'><strong>miles</strong></span> <span class='ocrx_word' id='word_1_218' title='bbox 448 2637 771 2716; x_wconf 87' lang='lat' dir='ltr'><strong>tegebatur.</strong></span> 
     </span>
    </p>

    <p class='ocr_par' dir='ltr' id='par_1_5' title="bbox 228 2713 1592 2803">
     <span class='ocr_line' id='line_1_33' title="bbox 228 2713 1592 2803; baseline -0.002 -23"><span class='ocrx_word' id='word_1_219' title='bbox 228 2717 422 2782; x_wconf 87' lang='lat' dir='ltr'><strong>Media</strong></span> <span class='ocrx_word' id='word_1_220' title='bbox 446 2740 563 2783; x_wconf 78' lang='lat' dir='ltr'><strong>nox</strong></span> <span class='ocrx_word' id='word_1_221' title='bbox 605 2738 724 2783; x_wconf 84' lang='lat' dir='ltr'><strong>erat</strong></span> <span class='ocrx_word' id='word_1_222' title='bbox 749 2760 770 2803; x_wconf 45' lang='grc' dir='ltr'>ἰ</span> <span class='ocrx_word' id='word_1_223' title='bbox 815 2740 946 2782; x_wconf 86' lang='lat' dir='ltr'><strong>cum</strong></span> <span class='ocrx_word' id='word_1_224' title='bbox 984 2716 1255 2789; x_wconf 81' lang='lat' dir='ltr'><strong>classem,</strong></span> <span class='ocrx_word' id='word_1_225' title='bbox 1285 2718 1451 2779; x_wconf 83' lang='lat' dir='ltr'><strong>sicuti</strong></span> <span class='ocrx_word' id='word_1_226' title='bbox 1475 2713 1592 2777; x_wconf 82' lang='lat' dir='ltr'><strong>dic-</strong></span> 
     </span>
    </p>
   </div>
   <div class='ocr_carea' id='block_1_5' title="bbox 1680 0 1747 2742">
    <p class='ocr_par' dir='ltr' id='par_1_6' title="bbox 1680 0 1747 2742">
     <span class='ocr_line' id='line_1_34' title="bbox 1680 0 1747 2742; baseline 0 0"><span class='ocrx_word' id='word_1_227' title='bbox 1680 0 1747 2742; x_wconf 95' lang='lat' dir='ltr'><strong> </strong></span> 
     </span>
    </p>
   </div>
  </div>
 </body>
</html>
