1747 3063
267 92 368 157 134
589 82 1452 145 SUPPLEMENTS

259 181 433 241 11111113
466 201 571 260 pro
597 179 896 247 cervicali,
935 178 1038 236 tria
1077 170 1292 258 argenti
1325 200 1430 260 pro
1467 176 1692 238 scabel-

255 263 356 332 10,
389 262 489 321 sub
523 263 705 340 capite
738 260 1092 340 pedibusque
1118 258 1339 330 lectuli,
1379 261 1687 340 peculiari-

257 306 364 404 bu³s
388 343 661 404 cubiculis
687 340 1087 402 servabantur·
1116 358 1453 434 quamquam
1488 341 1555 401 ad
1584 363 1689 421 pa-

256 445 482 486 ternum
516 445 588 482 aes
627 422 870 483 alienum
904 423 1264 501 offiiingenta
1254 444 1478 503 insuper
1508 423 1707 484 talen-.-'

256 526 355 576 ta,
392 527 518 587 quae
550 507 667 584 ipse
711 523 911 564 mutuo
949 501 1258 582 sumpserat
1285 547 1301 573 ,
1348 505 1697 583 adjecissetffi,

256 609 327 648 ex
353 588 558 670 quibus
593 588 687 646 vix
715 586 929 645 decima
964 587 1152 664 portio
1175 584 1482 665 superer-at

327 748 581 810 Solvisse
606 767 792 808 autem
815 747 1019 807 dicitur
1039 746 1349 808 Timotheo
1374 747 1525 807 tibiis
1550 768 1687 807 con-

255 830 478 890 cinente
502 873 518 899 ,
556 829 879 909 summaque
916 831 1152 888 militum
1189 830 1474 890 alacritate
1499 873 1516 898 ‚
1551 851 1709 909 opesk

255 911 639 972 Barbarorum
663 933 805 992 quos
826 932 1218 991 oppugnatum
1240 914 1383 972 irent
1404 956 1419 980 ,
1445 930 1595 971 certa
1621 909 1688 968 fi·

256 993 423 1052 ducia
461 994 566 1053 sibi
607 993 1019 1053 destinantium.
1073 994 1210 1053 Hoc
1255 992 1429 1052 modo
1472 1014 1570 1071 per
1610 992 1692 1052 la-

255 1097 385 1134 cum
413 1097 581 1156 quem
606 1098 636 1134 a
660 1077 829 1135 vicini
857 1076 1061 1134 montis
1086 1077 1311 1135 nomine
1340 1075 1693 1134 Cercinitem:

254 1176 506 1226 vocant,
539 1157 637 1216 ubi
668 1158 896 1216 classem
929 1156 1212 1226 habebat,
1243 1159 1296 1214 in
1321 1158 1687 1238 Strymonem

255 1240 551 1307 invectus,
601 1238 1018 1332 Amphipolin,
1067 1242 1126 1298 ὃς
1177 1238 1379 1298 deinde
1437 1239 1507 1297 ad
1554 1235 1688 1297 ostia

255 1322 574 1401 Strymonis
632 1323 958 1400 processit:
1016 1342 1142 1401 quo
1197 1322 1429 1399 trajecto
1487 1339 1695 1399 praeter·

253 1422 507 1462 montem
538 1403 880 1482 Pangaeum,
919 1404 1063 1463 viam
1096 1404 1379 1481 ingressus
1409 1400 1523 1470 est,
1563 1423 1690 1482 quae

253 1484 551 1544 Abderam
588 1488 646 1544 δε
681 1484 1012 1544 Maroneam
1047 1484 1226 1544 ducit.
1266 1484 1453 1542 Nam'
1444 1505 1496 1541 111
1521 1484 1694 1543 litore

252 1571 359 1626 iter
393 1564 578 1625 facere
609 1564 960 1635 instituerat,
997 1586 1059 1625 ut
1092 1566 1328 1626 navibus
1363 1563 1471 1626 suis
1505 1608 1520 1633 ,
1561 1586 1696 1645 quae·

250 1651 409 1727 juxta
447 1647 803 1707 ducebantur
831 1692 848 1719 ‚
901 1647 1164 1740 praesidio
1199 1667 1383 1717 esset,
1425 1648 1471 1706 si
1509 1647 1690 1706 Persae

250 1729 398 1789 forte
426 1731 837 1799 occurrissent,
877 1732 1085 1809 quippe
1113 1729 1193 1789 isti
1222 1749 1345 1788 tum
1373 1731 1538 1788 etiam
1567 1753 1686 1787 ma-

254 1814 324 1871 ris
364 1813 658 1892 imperium
702 1812 1056 1872 obtinebant.
1103 1811 1220 1892 Ipsi
1267 1812 1415 1870 enim
1463 1809 1686 1870 modica

246 1895 485 1953 classis·
470 1937 488 1964 ‚
531 1914 586 1952 at
621 1893 771 1973 apud
797 1891 978 1953 hostes
1015 1894 1245 1973 Cypriae
1272 1893 1687 1971 Phoeniciaeque

246 1997 451 2042 1131763,
477 1974 806 2068 adsuetique
833 1978 1118 2035 maritimis
1162 1973 1328 2034 rebus
1367 1975 1631 2034 classiarii
1669 2017 1689 2044 ‚

246 2061 304 2116 ὃς
342 2056 783 2116 exercitatissimi
812 2059 1048 2137 remiges
1084 2076 1259 2117 erant.
1297 2057 1446 2115 Nam
1487 2057 1689 2115 Mace-

248 2138 420 2198 donia
457 2160 633 2219 nuper
664 2158 882 2199 tentato
915 2140 1075 2198 maris
1109 2139 1346 2217 imperio
1368 2181 1388 2209 ,
1436 2137 1690 2197 nondum

246 2219 578 2280 abundabat
622 2222 892 2289 navibuS‚
933 2226 990 2280 &
1023 2243 1051 2278 3
1075 2220 1235 2280 sociis
1267 2221 1508 2301 maligne
1542 2241 1688 2300 prae-

243 2301 548 2361 bebantur.
586 2302 773 2362 Etiam
806 2303 1220 2371 Athenienses,
1272 2324 1447 2382 quum
1492 2303 1560 2361 ab
1604 2303 1689 2383 ip-

243 2385 316 2442 sis
362 2385 615 2444 triremes
653 2404 980 2464 peterentur
1011 2428 1028 2453 ,
1068 2404 1286 2443 tantum
1334 2383 1470 2443 XX.
1523 2383 1691 2444 mise-

246 2484 434 2524 runt:
474 2465 902 2547 suggerentibus
928 2489 1123 2525 eorum
1151 2467 1522 2536 Oratoribus,
1546 2485 1638 2547 pm
1644 2490 1686 2520 e-

248 2550 431 2604 mlum
459 2569 584 2612 esse,
612 2571 673 2604 ne
699 2552 858 2606 classe
880 2566 1089 2630 acceptz
1117 2565 1228 2604 com
1233 2569 1288 2604 rz
1309 2569 1382 2603 eos
1407 2570 1453 2626 q
1444 2551 1499 2602 ni
1518 2551 1611 2605 mis
1620 2551 1685 2616 ἐς·-

246 2646 390 2696 sem,
418 2647 667 2687 uteretur-

335 2671 460 2769 E'x
451 2713 511 2772 113
547 2712 686 2774 locis
711 2711 778 2775 ad
806 2713 1069 2777 Hebrum
1091 2712 1327 2779 fluvium
1348 2711 1642 2775 contendit
1665 2732 1688 2771 :·
1738 2756 1739 2766 ,
