1747 3063
187 46 292 120 με
470 65 1383 131 QUJNTE-CURCE;

194 147 530 227 recipiendis
546 193 561 218 ,
582 152 679 230 qui
700 148 1069 210 admovendis
1088 153 1338 212 turribus
1357 151 1522 213 labor
1534 159 1661 215 eos*

193 225 473 311 fatigaret.
505 231 663 311 Ergo
699 237 955 311 receptui
986 235 1147 314 signo
1180 234 1315 294 dato
1346 279 1364 306 ‚
1404 234 1630 318 postero

195 309 286 372 die
312 335 502 373 muros
527 335 737 374 corona
763 315 1099 376 circumdari
1126 318 1310 398 jussit.

279 472 551 561 Ortoque
577 479 691 540 sole
715 524 732 550 ,
763 482 1089 561 priusquam
1114 479 1447 558 admoveret
1470 503 1634 543 exer-

197 556 375 617 citum
404 604 421 630 ,
461 583 629 642 opem
673 563 865 623 Deum
901 578 1212 643 exposcens
1235 608 1251 632 ‚
1295 563 1510 625 sacrum
1537 587 1635 646 pa·
1689 603 1691 607 Α

195 645 308 699 trio
351 665 509 704 more
546 643 808 706 faciebat.
854 646 1031 705 Forte
1067 647 1471 726 praetervolans
1503 669 1636 707 cor-

197 743 302 782 vus
325 725 552 804 glebam
574 773 590 798 ,
627 752 796 811 quam
832 728 1119 808 unguibus
1147 726 1364 790 ferebat
1391 774 1407 800 ,
1448 729 1635 790 subito

198 807 418 883 amisit3
451 833 575 891 quae
610 834 742 872 cum
767 813 912 892 regis
938 812 1109 892 capiti
1128 811 1413 873 incidisset
1432 857 1449 882 ,
1486 811 1664 873 reso-.

198 886 319 948 luta
342 890 582 953 defluxit
607 916 619 953 :
658 900 777 973 ipsa
804 914 990 953 autem
1016 894 1132 953 avis
1155 899 1211 953 in
1241 900 1500 974 proxima
1521 916 1635 954 tur-

197 991 258 1028 re
287 975 567 1035 consedit.
598 975 748 1036 Illita
785 996 902 1035 erat
928 977 1095 1034 turris
1127 976 1404 1037 bitumine
1427 999 1491 1036 ac
1517 975 1636 1036 sul-

198 1053 377 1132 phure
404 1078 418 1116 :
450 1060 506 1116 in
537 1081 646 1140 qua
671 1058 768 1118 alis
791 1058 1138 1117 haerentibus-
1158 1101 1174 1128 ‚
1211 1056 1407 1119 frustra
1429 1058 1483 1119 se
1509 1059 1639 1119 alle-

197 1157 330 1196 vare
356 1161 594 1200 conatus
620 1164 649 1201 a
673 1138 1157 1201 circumstantibus
1179 1143 1418 1220 capitur.
1443 1141 1643 1224 Digna-

195 1239 287 1278 res
319 1220 428 1283 visa
449 1268 465 1292 ‚
501 1223 571 1283 de
609 1246 720 1306 qua
746 1244 901 1284 vates
939 1221 1384 1283 consulerentur.
1418 1225 1493 1284 Et
1520 1245 1640 1285 erat

198 1323 315 1362 non
359 1306 602 1367 intactus
649 1330 712 1367 ea
762 1304 1151 1386 superstitione
1203 1308 1427 1367 mentis.
1476 1308 1638 1390 Ergo

197 1385 532 1450 Aristander
553 1385 571 1454 ,ξ
602 1391 689 1449 cui
723 1393 961 1450 maxima
992 1387 1133 1449 fides
1161 1388 1514 1462 habebatur,
1548 1411 1642 1447 ur-

200 1466 276 1525 bis
307 1470 520 1549 quidem
544 1471 809 1529 excidium
841 1474 1064 1552 augurio
1086 1473 1175 1528 illo
1194 1471 1476 1553 portendi,
1515 1490 1639 1531 cete-

202 1572 327 1607 rum
344 1556 643 1634 pericnlum
667 1576 763 1611 esre
782 1598 800 1623 2
833 1556 1015 1634 inquit
1037 1597 1052 1622 ,
1077 1575 1139 1610 ne
1162 1576 1248 1609 rex
1274 1556 1468 1612 vulnus
1492 1559 1637 1613 asci-

194 1651 346 1714 peret.
366 1638 558 1715 Itaque·
578 1640 779 1692 monuit
799 1682 814 1701 ‚
839 1658 899 1691 ne
924 1633 1053 1714 quid
1073 1658 1123 1691 eo
1149 1633 1231 1693 die
1255 1639 1509 1718 inciperet.
1530 1637 1638 1698 Ille

196 1737 523 1798 quanquam
552 1740 716 1779 unam
741 1719 938 1778 urbem
965 1718 1070 1779 sibi
1093 1762 1108 1786 ,
1148 1724 1452 1798 quominus
1483 1718 1638 1780 secu·

197 1821 291 1859 rus
311 1800 638 1885 AEgyptum
661 1804 896 1862 intraret
918 1844 935 1871 ,
971 1797 1188 1861 obstare
1216 1824 1362 1883 aegre
1381 1800 1641 1879 ferebat}

199 1901 386 1944 tamen
415 1886 598 1965 paruit
620 1887 731 1946 vati
755 1929 771 1954 ‚
810 1888 1147 1964 signumque
1173 1886 1428 1964 receptui
1460 1884 1638 1945 dedit.

199 1965 356 2026 Hinc
378 1970 592 2028 animus
615 1970 794 2028 crevit
819 1966 1063 2027 obsessis
1086 1987 1098 2024 ε
1127 1969 1449 2047 egressique
1474 1988 1642 2047 porta

200 2048 602 2110 recedentibus
644 2049 893 2110 inferunt
949 2051 1103 2130 signa
1141 2073 1161 2124 3
1221 2051 1639 2109 cunctationem

198 2130 441 2192 hostium
463 2131 583 2191 fore
604 2132 755 2192 suam
778 2133 1135 2192 occasionem
1155 2137 1279 2193 rati.
1296 2132 1410 2192 Sed
1432 2134 1635 2203 acrius,

200 2235 370 2294 quam
397 2213 739 2276 constantius
767 2215 1019 2295 praelium
1040 2215 1540 2295 inierunttquippe
1575 2236 1640 2275 ut

168 2362 171 2365 ,
198 2295 587 2356 Macedonum
614 2300 768 2379 signa
794 2298 1100 2377 circumagi
1136 2297 1326 2356 videre
1353 2342 1369 2366 ,
1405 2318 1639 2375 repente

205 2378 401 2438 sistunt
441 2379 700 2460 gradum.
750 2381 987 2460 Jamque
1028 2378 1098 2438 ad
1147 2401 1336 2457 regem
1385 2378 1636 2458 praelian-

203 2463 343 2520 tium
371 2460 582 2522 clamor
614 2483 946 2542 pervenerat
978 2482 997 2532 3
1042 2484 1172 2522 cum
1199 2462 1513 2523 denuntiati
1538 2484 1638 2541 pe-

195 2545 359 2603 riculi
379 2543 528 2604 haud
549 2543 674 2605 sane
697 2566 944 2614 memor,
972 2544 1203 2603 loricam
1228 2565 1445 2612 tamen,
1466 2565 1639 2622 quam

201 2649 329 2686 raro
355 2627 626 2686 induebat
652 2670 666 2696 ‚
703 2629 890 2688 amicis
913 2627 1202 2689 orantibus
1229 2625 1457 2700 sumsit3
1485 2630 1540 2689 ὃς
1566 2626 1640 2693 ad

206 2712 385 2792 prima
408 2712 561 2794 signa
589 2713 865 2792 pervenit.
