1747 3063
249 81 346 154 516
546 78 1460 153 'QUINTE-CURCE;

245 172 344 231 nio
378 188 567 230 tamen
591 213 608 239 ,
645 171 872 251 ignarus
896 189 1156 251 quaenam
1180 173 1235 230 in
1274 171 1478 234 dextro
1513 187 1696 235 corrui

243 254 473 315 fortuna
499 257 646 333 regis
672 271 817 312 esset
838 295 855 322 ,
892 258 1160 333 repressit
1188 252 1317 313 suos
1346 276 1358 313 :
1401 255 1653 316 Mazaeus
1672 302 1694 330 ,

244 336 384 398 dato
414 334 562 415 fugae
587 334 796 415 spatiO,
827 356 942 394 non
963 337 1118 395 recto
1140 337 1375 414 itinere3
1397 335 1493 415 sed
1518 341 1696 419 majo-

245 442 306 480 re
339 423 399 478 ὃς
432 420 509 478 ob
533 417 592 477 id
616 423 828 478 tutiore
864 419 1162 478 circumitu
1186 417 1389 499 Tigrin
1426 418 1648 500 superat
1676 442 1695 481 t

243 506 307 562 &
343 499 704 582 Babylonem
730 522 861 560 cum
898 500 1146 582 reliquiis
1181 501 1388 562 devicti
1413 508 1694 564 exercitus

244 589 441 646 intrat.
471 582 682 643 Darius
710 587 905 663 paucis
945 581 1094 665 fugae
1121 583 1426 643 comitibus
1459 583 1531 644 ad
1568 585 1697 666 Ly-

246 689 381 727 cum
419 687 639 727 amnem
675 664 1083 737 contenderat,
1114 688 1230 747 quo
1256 669 1490 746 trajecto
1529 667 1698 728 dubi-

245 751 391 810 tavit
420 771 489 811 an
522 747 767 810 solveret
797 769 1031 830 pontem
1053 769 1073 821 3
1113 752 1324 831 quippe
1350 748 1565 810 hostem
1582 752 1696 830 jam

246 831 427 893 affore
467 831 855 894 nuntiabatur.
903 830 1019 893 Sed
1067 852 1155 891 tot
1200 831 1369 893 millia
1411 830 1639 893 suorum
1673 875 1694 903 ‚

245 938 377 997 quae
414 914 670 976 nondum
711 915 780 975 ad
819 915 1041 976 amnem
1075 934 1482 996 pervenerant,
1519 934 1697 994 ponte

246 999 432 1060 reciso
464 1042 480 1070 ,
517 996 767 1079 praedam
802 997 973 1059 hostis
1013 995 1134 1056 fore
1171 995 1422 1059 videbat.
1456 996 1699 1057 Abeun-

246 1102 399 1151 tem‚
433 1103 565 1142 cum
605 1081 875 1141 intactum
917 1081 1124 1140 sineret
1160 1100 1398 1160 pontem
1428 1123 1444 1150 ,
1493 1079 1698 1141 dixisse

246 1162 510 1235 constat,
551 1165 736 1221 Malle
774 1161 1151 1241 insequentibus
1189 1165 1287 1220 iter
1333 1159 1499 1228 darm
1532 1183 1698 1242 quam

244 1248 455 1322 auferre
483 1245 821 1328 fttgz‘entibns.
870 1244 1002 1328 Ipse
1039 1248 1237 1327 ingens
1279 1244 1517 1325 spatium
1558 1243 1696 1326 fuga

247 1351 508 1391 emensus
530 1372 546 1399 ‚
583 1327 766 1389 media
791 1327 906 1389 fere
931 1329 1096 1388 nocte
1123 1328 1342 1387 Arbela
1370 1329 1650 1410 pervenit.

340 1413 487 1487 Quis
526 1431 616 1471 tot
661 1411 903 1471 ludibria
943 1410 1188 1471 fortunae
1212 1455 1229 1481 ,
1265 1411 1479 1470 ducum
1519 1409 1696 1492 agmi-

246 1513 500 1576 numque
528 1492 743 1554 caedem
771 1493 1145 1575 multiplicem
1173 1538 1189 1564 ,
1227 1493 1578 1554 devidiorum
1616 1491 1699 1551 fu-

243 1600 418 1657 gam,
451 1576 641 1638 clades
685 1599 833 1637 nunc
870 1577 1226 1658 singulorum
1248 1620 1266 1646 ,
1305 1597 1455 1635 nunc
1483 1577 1706 1638 univer-

241 1659 433 1720 sorum
457 1704 475 1730 ,
509 1679 605 1720 aut
628 1661 814 1720 animo
840 1661 1062 1741 assequi
1092 1679 1294 1740 queat,
1322 1678 1418 1718 aut
1441 1661 1717 1719 oratione-

243 1741 597 1824 complec'ci?
627 1742 1051 1823 Propemodum
1086 1741 1272 1802 saeculi
1312 1763 1398 1800 res
1431 1742 1485 1799 in
1524 1764 1698 1801 unum

244 1825 407 1885 illum
443 1826 593 1886 diem
629 1822 856 1884 fortuna
895 1826 1225 1886 cumulavit.
1265 1823 1387 1883 Alii
1428 1845 1537 1898 qua
1575 1824 1702 1884 bre·

247 1911 538 1970 vissimum
564 1906 797 1988 patebat
829 1909 935 1968 iter
957 1951 973 1978 ,
1015 1907 1105 1966 alii
1130 1906 1384 1968 diversos
1407 1904 1576 1966 saltus
1597 1950 1612 1976 ‚
1637 1910 1698 1968 δε

246 1992 479 2071 ignotos
525 1989 891 2072 sequentibus
943 1990 1114 2051 calles
1157 1990 1449 2071 petebant.
1506 1990 1698 2071 Eques

246 2073 538 2155 pedesque
564 2071 789 2134 confusi
811 2075 927 2133 sine
953 2073 1099 2133 duce
1122 2116 1138 2142 ,
1175 2074 1397 2132 armatis
1421 2072 1657 2132 inermes
1677 2115 1696 2142 ,

245 2159 481 2238 integris
506 2155 722 2217 debiles
745 2155 1200 2237 implicabantur.
1235 2153 1461 2215 Deinde
1486 2198 1503 2224 ‚
1538 2160 1702 2215 mise-

244 2239 496 2306 ricordia
519 2241 574 2298 in
601 2258 814 2299 metum
840 2261 997 2300 versa
1019 2284 1034 2309 ,
1080 2240 1176 2319 qui
1207 2237 1362 2319 sequi
1392 2259 1504 2295 non
1537 2258 1700 2318 pote-

248 2341 375 2383 rant
394 2367 409 2391 ,
433 2324 578 2381 inter
600 2338 830 2380 mutuos
852 2323 1094 2401 gemitus
1118 2320 1541 2381 deserebantur.
1564 2321 1695 2379 Sitis

247 2406 534 2486 praecipue
559 2401 824 2479 fatigatos
859 2408 917 2463 &
953 2402 1165 2463 saucios
1201 2402 1502 2484 perurebat
1526 2447 1541 2472 ‚
1582 2400 1700 2483 pas-

247 2489 466 2569 simque
510 2487 771 2546 omnibus
812 2488 941 2549 rivis
985 2485 1370 2566 postraverant
1412 2507 1694 2566 corpora,

249 2569 733 2651 praeterfluente-m
773 2591 975 2650 aquam
1017 2570 1191 2629 hianti
1236 2591 1332 2628 ore
1382 2587 1717 2649 captante&

251 2654 441 2725 Quam
465 2652 709 2712 cumdiu
733 2652 885 2713 avidi
908 2652 1189 2712 turbidam
1214 2651 1519 2711 hausissent
1536 2693 1550 2718 ,
1575 2670 1697 2709 ten-

253 2735 530 2796 debantur
556 2734 843 2817 extemplo
862 2734 1174 2817 praecordia
1201 2753 1492 2817 premente
1518 2732 1653 2794 limo
1667 2752 1693 2807 5
