1747 3063
186 50 287 97 472
476 34 1399 104 QUINTe-ctsncffi
1662 0 1706 90 r!

187 150 223 174 ω
250 143 359 203 ego
383 164 401 192 ,
437 121 644 200 inquit,
685 123 981 201 pecuniam
1022 143 1195 202 quam·
1231 121 1468 203 gloriam
1496 118 1640 182 mal'-
1696 172 1700 189 .,

186 231 224 257 ³
254 206 402 274 lem,
434 206 478 264 si
510 205 806 263 Parmenio
834 226 1030 264 essem.
1066 205 1238 265 Nunc
1266 204 1642 275 Alexander,-‚
1693 213 1704 242 ⁴²

188 315 224 340 ω
253 286 324 347 de
348 306 680 368 paupertate
715 285 941 346 securus
964 285 1080 345 sum
1108 308 1120 346 :
1164 291 1222 347 δε
1246 309 1333 346 me
1356 309 1468 346 non
1491 309 1636 347 rner-
1707 324 1709 328 ·

189 396 226 422 ω
254 390 506 430 catorem
539 369 762 428 mem-ini
788 391 905 428 esse
925 412 939 436 ‚
964 368 1060 429 sed
1085 391 1296 450 regem.
1323 370 1482 428 Nihil
1505 371 1644 450 qui-

189 480 227 505 ω
255 451 388 512 dem.
408 449 591 511 habeo
618 451 814 512 venale
840 474 865 525 3,
900 450 995 511 sed
1019 450 1304 511 fortunam
1329 474 1509 511 meam
1533 453 1644 511 uti--

193 562 228 587 :o
257 555 368 614 que
395 554 506 592 non
545 534 759 594 vendo,
800 533 1079 613 Captivos
1123 537 1168 593 si
1208 535 1398 614 placet
1434 533 1596 593 reddi
1616 557 1645 608 3.
1704 605 1705 608 Ἴ

197 645 232 670 2>
261 614 544 675 honestius
573 617 728 677 dono
767 617 1026 677 dabimus
1053 659 1072 687 ‚
1113 639 1286 698 quam.
1323 618 1510 698 pretio
1551 639 1638 678 re-

197 727 233 754 m
260 718 569 759 mittemus,

290 945 640 1007 Introdutstis
667 945 872 1006 deinde
898 945 1098 1026 legatis
1130 945 1202 1006 ad
1231 946 1380 1004 hunc
1407 942 1648 1003 modum
1708 1002 1715 1005 .

198 1030 497 1111 respondit
523 1050 536 1087 :
576 1059 609 1082 20
639 1030 915 1088 Nuntiate
942 1029 1124 1088 Dario
1142 1072 1158 1098 ,
1192 1050 1282 1089 me
1302 1071 1318 1098 ,
1347 1049 1473 1108 quae
1498 1024 1647 1085 fece-

201 1141 236 1164 »
262 1116 366 1173 rim
391 1112 699 1172 clementer
736 1117 793 1170 δε
835 1111 1142 1170 liberaliter
1170 1153 1188 1180 ,
1231 1132 1344 1170 non
1386 1110 1653 1168 amicitiae-

200 1223 234 1246 ε»
265 1199 381 1271 ejus
408 1194 704 1264 tribuisse3
731 1192 829 1253 sed
848 1215 1061 1254 naturae
1081 1216 1239 1253 meae.
1263 1190 1489 1253 Bellum
1512 1214 1645 1251 cum

200 1304 234 1329 ιο
265 1282 501 1357 captivis
538 1274 847 1337 &feminis
872 1298 1067 1357 gerere
1091 1298 1205 1335 non
1231 1275 1405 1335 soleo·
1439 1275 1647 1333 Arma-

201 1388 235 1412 ιο
263 1381 353 1419 tus
379 1361 447 1418 sit
470 1378 701 1439 oportet
726 1402 741 1427 ‚
785 1380 954 1440 quem
994 1358 1230 1419 oderim.
1267 1357 1446 1432 Quod
1473 1359 1515 1419 Si
1540 1355 1647 1416 sal-

200 1470 235 1495 uo
263 1463 377 1503 tem
405 1464 601 1523 pacem
639 1442 788 1502 bona
823 1440 938 1501 fide
975 1461 1237 1522 peteret-3
1275 1440 1655 1500 deliberarem:

201 1553 236 1577 :o
265 1524 496 1584 forsitan
532 1545 599 1583 an
627 1523 838 1604 darem.
876 1523 1092 1584 Verum
1128 1529 1270 1584 enim
1299 1544 1437 1584 vero
1457 1567 1474 1593 ‚
1514 1545 1654 1582 cum>

202 1637 235 1661 aa
264 1607 437 1667 modo
476 1607 679 1666 milites
715 1630 868 1667 meos
896 1606 1075 1667 literis
1105 1606 1179 1667 ad
1209 1605 1593 1688 proditionem
1627 1647 1654 1674 ‚-

202 1718 236 1743 ω
268 1690 441 1752 modo
480 1691 689 1753 amicos
731 1689 802 1750 ad
837 1692 1144 1771 perniciem
1186 1712 1366 1750 meam
1409 1689 1650 1770 pecunia

204 1803 238 1826 ω
265 1774 530 1835 sollicitet
553 1795 564 1832 :
593 1772 663 1832 ad
687 1774 1132 1833 internecionem
1156 1773 1290 1832 mihi
1314 1792 1651 1853 persequen-

205 1883 239 1909 σο
269 1858 373 1917 dus
400 1856 476 1916 est
497 1902 514 1927 ‚
550 1877 664 1915 non
691 1876 754 1916 ut
777 1855 951 1938 justus
976 1854 1146 1916 hostis
1167 1899 1183 1925 ,
1219 1854 1315 1914 sed
1341 1874 1404 1913 ut
1427 1850 1653 1934 percus-

206 1968 240 1994 σο
264 1938 352 2000 sor
375 1938 683 2000 veneficus,
713 1939 1095 2000 Conditiones
1117 1960 1257 1999 vero
1282 1939 1434 2018 pacis
1458 1981 1473 2006 ‚
1514 1956 1652 2017 quas

207 2051 241 2075 a>
267 2021 423 2084 fertis
446 2068 461 2094 ,
499 2028 543 2082 si
583 2044 902 2103 acceper03
945 2023 1226 2082 vidiorem.
1258 2043 1386 2080 eum
1411 2018 1655 2078 faciunt.-

207 2133 242 2157 ³0
272 2107 418 2180 Quae
450 2103 574 2187 post
613 2105 944 2186 Euphraten
980 2103 1105 2164 sunt
1138 2148 1152 2171 ‚
1198 2103 1503 2163 liberaliter
1545 2101 1651 2161 do-

203 2216 241 2242 20
272 2209 413 2248 nat:
451 2188 544 2248 ubi
584 2189 759 2268 igitur
796 2210 885 2248 me
923 2187 1166 2247 affamini
1203 2185 1226 2245 ?
1264 2207 1465 2265 nempe
1502 2182 1650 2243 ultra

207 2300 242 2325 ω
271 2272 600 2352 Euphraten
635 2270 773 2331 sum.
807 2272 1102 2330 Summum
1134 2291 1271 2350 ergo
1298 2267 1448 2327 dotis
1474 2289 1647 2347 quam

208 2382 242 2407 ω
272 2354 557 2434 promittit
601 2354 906 2413 terminum
956 2351 1127 2414 castra
1168 2374 1291 2411 mea
1335 2368 1648 2410 transeunt.

207 2466 242 2489 ω
270 2438 424 2498 Hinc
452 2458 539 2497 me
567 2435 833 2517 depellite
864 2480 880 2506 ,
927 2457 992 2496 ut
1024 2435 1190 2496 sciam
1218 2431 1462 2494 vestrum
1489 2453 1607 2491 esse
1630 2473 1649 2499 ‚
1717 2451 1720 2454 ’

208 2548 242 2573 20
272 2519 431 2600 quod
478 2519 698 2580 ceditiS.
737 2518 953 2579 Eadem
1002 2517 1336 2578 liberalitate
1380 2515 1476 2575 dat
1520 2514 1662 2572 mihi.

208 2630 242 2653 a>
270 2602 441 2663 filiam
472 2601 622 2661 suam
651 2624 664 2661 τ
703 2623 905 2683 nempe
933 2625 1110 2684 quam·
1132 2599 1244 2659 scio
1279 2598 1445 2659 alicui
1468 2595 1653 2655 servo-

209 2713 244 2738 ω
271 2707 396 2748 rum
435 2683 663 2768 suorum
702 2705 1027 2766 nupturam.
1056 2683 1307 2746 Multum
1340 2702 1477 2744 vero
1519 2678 1655 2738 mihi
