1747 3063
259 75 358 139 40²8
582 75 1486 144 QUINTE-CURCE3

343 163 610 244 Cumque
633 181 778 219 unus
800 183 829 220 e
853 161 1071 238 civibus
1096 163 1361 222 concioni
1380 163 1710 232 indicasse&

252 246 491 305 oblatam
515 265 612 300 esse
636 260 734 322 per
759 242 1006 316 somnum
1030 243 1127 300 sibi
1146 241 1368 326 speciem
1392 251 1444 302 A
1483 247 1659 302 ollonis
1680 287 1702 314 ,

259 351 426 411 quem
459 325 656 386 eximia
689 322 992 406 Religione
1024 329 1280 387 colerent
1303 348 1333 395 ‚⁷
1359 265 1542 384 urfem
1567 324 1712 412 dese'ff

255 413 410 469 remis
432 432 451 475 ,-
487 409 774 485 molemque
812 428 847 463 a
877 407 1273 465 Macedonibus
1287 412 1490 483 jaffam
1522 411 1578 464 in
1609 408 1715 483 fad-‘⁴

260 499 306 551 lo
329 538 342 558 ‚
387 496 441 547 in
482 489 760 566 silvestrem
789 492 993 563 saltum
1031 512 1128 546 esse
1166 508 1428 548 mutatam
1465 517 1481 547 .·
1522 480 1705 571 quan-2⁵

258 598 430 658 quam
464 573 655 632 auc‘tor
694 567 835 631 levis
866 592 986 632 erat
1014 616 1030 642 ,
1076 577 1266 633 tamen
1307 573 1379 633 ad
1410 573 1714 634 deteriora*

261 655 545 719 credenda
576 659 742 735 proni
763 674 917 713 metu
936 700 953 725 ,
987 677 1153 715 aurea
1180 676 1375 716 catena
1398 655 1708 716 devinxere

261 741 619 803 simulacrum
649 780 664 806 ,
703 759 924 818 araeque
959 736 1228 797 Herculis
1251 781 1267 807 ,
1307 742 1467 817 cujus
1492 737 1704 797 numini

262 824 462 883 urbem
482 820 846 888 dicaverant,
875 821 1155 881 inseruere
1176 821 1460 880 vinculum
1489 842 1508 892 3
1548 821 1706 901 quasi

258 907 365 969 illo,
385 904 518 964 Deo
551 902 886 982 Apollinem
914 903 1207 961 retenturi.
1245 904 1538 986 Syracusis
1560 903 1617 963 id
1640 903 1712 960 si·

261 987 577 1049 mulacrum
611 984 955 1044 devexerant
989 985 1189 1053 Poeni,
1228 987 1365 1045 &in
1393 987 1601 1064 majore
1626 984 1710 1042 lo«

263 1088 530 1133 caverant
550 1067 758 1147 patria:
785 1066 1087 1147 multisque
1109 1067 1227 1127 aliis
1246 1065 1436 1147 spoliis
1459 1067 1717 1136 urbium,'

265 1180 296 1216 a
321 1154 493 1213 semet
528 1170 818 1229 captarum
841 1191 857 1217 ,
895 1170 1007 1207 non
1048 1148 1453 1230 Carthaginem
1491 1145 1707 1231 magis,

266 1257 437 1319 quam
480 1233 703 1312 Tyrum
760 1249 1116 1313 ornaverant.
1162 1232 1397 1292 Sacrum
1430 1254 1705 1313 quoque,

269 1317 428 1403 quod
460 1313 689 1396 quidem
723 1313 851 1373 Diis
873 1319 1100 1374 minime
1126 1314 1286 1376 cordi
1316 1337 1431 1374 esse
1455 1313 1712 1375 credide-

270 1407 373 1463 rim
393 1445 410 1470 ,
439 1397 627 1458 multis
646 1396 843 1457 seculis
865 1397 1239 1456 intermissum
1265 1398 1557 1477 repetendi
1578 1419 1707 1458 auc-

266 1505 423 1547 ’tores
458 1478 687 1562 quitiam
722 1498 881 1539 erant
900 1501 919 1552 3
947 1497 1001 1533 nt
1039 1481 1290 1558 ingennus
1319 1498 1451 1560 puer
1475 1485 1706 1537 Saturno

272 1567 673 1625 immolaretur:
718 1560 877 1642 quod
918 1559 1265 1641 sacrilegium
1309 1563 1494 1622 verius
1539 1584 1705 1643 quam

269 1651 485 1711 sacrum
507 1690 522 1714 ‚
562 1645 1034 1725 Carthaginenses
1062 1666 1089 1702 a
1117 1643 1514 1704 conditoribus
1542 1645 1708 1704 tradi-

274 1755 397 1794 tum
420 1775 435 1800 ‚
472 1749 648 1809 usque
684 1726 754 1786 ad
781 1727 1061 1786 excidium
1093 1725 1245 1784 urbis
1270 1724 1381 1784 suae
1406 1724 1603 1788 fecisse
1631 1727 1709 1787 di-

277 1833 503 1876 cuntur.
531 1811 626 1870 Ac
652 1810 753 1869 nisi
776 1810 1037 1869 Seniores
1063 1807 1404 1868 obstitissent
1423 1852 1439 1878 ,
1466 1832 1707 1889 quorum

276 1896 514 1958 consilio
536 1894 736 1952 cundia
764 1892 1075 1972 agebantur
1098 1934 1115 1960 ,
1155 1891 1558 1960 humanitatem
1594 1892 1710 1953 dira

277 1977 590 2063 superstitio
616 1976 863 2037 vicisset.

371 2145 684 2210 Ceterum,
727 2136 1012 2200 efficacior
1062 2140 1213 2199 omni
1261 2160 1377 2205 arte
1419 2137 1711 2199 imminens

279 2228 578 2293 necessitas
599 2244 712 2282 non
733 2223 934 2281 usitata
956 2222 1129 2280 modo
1150 2222 1403 2301 praesidia
1420 2266 1434 2291 ,
1454 2220 1546 2280 sed
1568 2242 1715 2300 quae-

283 2316 412 2375 dam
437 2313 606 2369 etiam
640 2327 789 2365 nova
822 2304 1131 2362 admonuit.
1155 2305 1417 2383 Namque
1445 2303 1513 2362 ad
1537 2303 1713 2380 impli-

283 2394 458 2457 canda
496 2389 755 2468 navigia,
792 2408 915 2467 quae
956 2408 1144 2444 muros
1181 2385 1479 2455 subibant,
1518 2384 1713 2445 validis

285 2473 558 2544 asseribus
592 2489 798 2530 corvos
841 2472 899 2527 ὃς
937 2467 1141 2528 ferreas
1169 2490 1361 2528 manus
1397 2490 1526 2528 cum
1561 2467 1714 2527 uncis

285 2585 350 2623 ac
375 2556 611 2617 falcibus
637 2552 1028 2631 illigaverant3
1063 2570 1125 2608 ut
1147 2594 1162 2620 ,
1192 2572 1316 2609 cum
1339 2570 1626 2610 tormento
1645 2545 1715 2608 as-

282 2645 427 2705 seres
453 2636 901 2718 promovissent,
938 2632 1121 2692 subito
1161 2632 1357 2693 laxatis
1395 2630 1620 2692 funibus
1644 2632 1716 2689 in-

285 2731 541 2812 jicerentf,
579 2718 731 2780 Unci
760 2718 988 2800 quoque
1021 2718 1078 2779 ὅ(
1120 2711 1289 2780 falces
1328 2737 1397 2776 ex
1420 2715 1614 2777 iisdem
1649 2709 1740 2802 ass

1635 2807 1740 2868 Uni
