1747 3063
244 31 353 89 ’ποθ
551 27 1428 91 'SUPPLEMENTS''

248 125 342 184 cui
361 142 483 184 tum
505 122 785 186 insidebat
809 168 824 194 ‚
860 126 972 185 itin
996 123 1170 206 gladii
1202 147 1302 207 per
1321 125 1468 187 latus
1489 123 1698 187 adano

246 204 576 273 confossum
610 209 873 266 amiserit.

277 335 282 343 .
337 287 566 362 Quibus
597 289 765 349 rebus
796 289 1158 350 vehementer
1190 289 1438 350 irritatus
1463 305 1483 360 3
1527 284 1704 369 equi-z

237 382 373 430 statu
409 369 575 429 simul
612 375 672 431 &
706 367 996 449 phalange*
1016 369 1397 431 circumdatos
1433 369 1692 431 occidio—

248 472 319 511 ne
341 450 552 511 occidit
568 493 591 522 ,.
619 453 870 532 exceptis
893 451 1118 511 duobus
1143 451 1257 511 fere
1281 450 1527 513 millibus
1544 495 1565 523 ,
1590 453 1700 534 qui2

252 534 310 592 in
352 531 707 594 deditionem
747 553 1044 595 venerunt.
1080 533 1150 593 In
1187 537 1509 594 universum
1549 556 1702 596 caesa-

252 613 381 675 sunt
400 658 416 684 ‚
446 637 516 675 ex
537 615 789 676 hostibus
813 617 1013 697 viginti
1044 616 1300 698 peditum
1330 614 1495 677 millia
1518 659 1534 686 ,
1577 615 1704 676 duo=

255 698 511 779 equitum
541 720 553 758 :
595 718 893 779 captorum
928 721 1027 779 par
1066 697 1240 758 ferme
1279 720 1544 759 numerus
1568 696 1703 759 fuit.-

249 779 344 839 ΕΚ
379 779 620 841 ducibus
663 780 939 840 Memnon
979 779 1178 862 effugit
1201 825 1216 851 ,
1270 802 1398 840 cum
1436 780 1656 840 Arsace
1678 823 1704 852 ,·

251 860 585 923 Rheomitre
622 868 682 924 &
720 863 936 945 Atizye
959 907 975 932 ‚
1018 869 1193 924 ceteri
1223 861 1465 923 honestis
1501 863 1709 923 vulne--

254 943 411 1004 ribus
455 945 871 1005 occubuerunt.
908 945 1131 1005 Arsites
1163 988 1181 1016 ,
1222 967 1405 1025 quum.
1429 950 1485 1005 in
1511 945 1698 1027 Phry-

253 1033 406 1107 giam
447 1025 502 1086 se
535 1029 879 1108 recepisset,
926 1026 1184 1107 pudore,
1224 1031 1283 1086 ὃς
1325 1027 1704 1108 paenitentia,¹

257 1108 416 1189 quod
446 1105 611 1189 hujus
639 1108 812 1169 cladis
839 1132 1002 1170 causa
1032 1131 1144 1169 non
1167 1109 1447 1170 immeriti>
1468 1109 1710 1171 habere--

223 1265 226 1267 ‚
255 1210 350 1250 tur
369 1235 386 1261 ,
421 1192 525 1251 sibi
549 1213 744 1252 manus
765 1193 973 1251 intulit.

336 1272 670 1334 Alexander
694 1296 905 1354 paucos
931 1272 1160 1354 quidem
1182 1292 1202 1343 ,·
1222 1271 1318 1334 sed
1340 1271 1694 1355 promptissi-

254 1376 378 1415 mos
426 1378 496 1416 eo
539 1356 744 1436 proelio
786 1356 1074 1437 perdidit,
1118 1358 1348 1437 triginta
1388 1353 1708 1416 admodum

256 1437 510 1518 pediteS,
544 1437 899 1519 septuaginta
936 1439 1183 1520 quinque
1221 1445 1440 1518 equites
1475 1436 1701 1498 cecide-

257 1540 403 1580 rant.
428 1520 616 1602 Igitur
641 1540 704 1580 ut
731 1518 1049 1580 ostenderet
1074 1520 1336 1580 omnibus
1368 1523 1424 1579 in
1455 1540 1707 1601 utraque·

253 1599 483 1663 fortuna
508 1602 659 1685 apud
679 1600 732 1663 se
769 1604 969 1664 virtuti
992 1605 1283 1683 praemium
1311 1600 1432 1663 fore
1453 1647 1470 1673 ,
1505 1600 1708 1682 super--

255 1682 407 1743 {lites
443 1686 744 1745 Persarum.
771 1684 960 1767 spoliis
996 1684 1176 1745 ditat:
1213 1690 1531 1746 occisorum
1572 1704 1710 1743 cor*

255 1787 394 1846 pora
420 1790 553 1828 cum
579 1769 743 1842 armis
770 1788 1075 1848 ceteroque
1106 1766 1263 1827 cultu
1288 1764 1584 1849 magnifice
1607 1764 1707 1826 se--

255 1847 395 1929 pelit
433 1872 446 1910 ε
496 1848 823 1929 parentibus
864 1872 1059 1910 eorum
1100 1849 1403 1929 liberisque
1451 1849 1700 1911 vacatio·

256 1951 386 1990 nem
412 1953 704 1990 munerum
731 1932 1036 2002 concedit3
1077 1931 1502 1992 vulneratorum
1528 1935 1706 1990 etiam*

259 2035 393 2071 cura
417 2014 713 2074 ambitiose
737 2016 853 2073 aeia
884 2013 959 2074 est
980 2035 998 2084 3
1030 2035 1205 2093 quum
1228 2014 1344 2092 ipse
1367 2035 1468 2073 rex
1488 2012 1713 2071 obeune

257 2093 336 2154 do
356 2096 598 2155 tentoria
623 2099 680 2154 &
706 2095 1057 2176 inspiciendo
1086 2094 1367 2175 singulm,
1392 2092 1703 2155 solicitudi-

254 2197 385 2235 nem
409 2175 559 2236 suam
587 2198 690 2256 pro
716 2179 982 2258 gregariis
1007 2177 1172 2236 etiam
1201 2176 1471 2237 militibus
1508 2173 1706 2234 osten--

251 2276 436 2327 taret,
470 2281 535 2318 ac
562 2280 791 2338 gravem
832 2263 1102 2339 cujusque
1136 2279 1325 2318 casum
1358 2256 1705 2317 munificen-

250 2340 330 2411 tia
353 2338 728 2420 laudibusque
761 2361 855 2401 aut
889 2342 1172 2423 promissis
1201 2338 1491 2400 solaretur.

336 2420 484 2494 Quae
509 2425 743 2482 comitas
768 2424 821 2480 in
849 2425 1033 2482 omnia
1066 2422 1331 2502 deinceps
1362 2422 1609 2502 pericula
1630 2419 1705 2480 fi-·
1742 2437 1747 2474 1

257 2502 516 2564 dissimos
553 2506 602 2562 ei
634 2502 885 2584 praestitit
908 2548 924 2575 ,
962 2527 1065 2564 nec
1100 2507 1395 2585 quisquam
1419 2505 1710 2564 recusavit:
1746 2554 1747 2557 ,

256 2583 509 2664 spiritum
535 2606 640 2664 pro
679 2608 747 2645 eo
787 2609 917 2666 rege
953 2584 1295 2667 profundere
1323 2629 1340 2655 ‚
1381 2586 1478 2665 qui
1511 2606 1709 2665 neque·

253 2668 430 2738 uitam
460 2665 685 2745 suorum
718 2670 945 2752 inopem
974 2690 1157 2752 neque
1184 2687 1425 2744 mortem
1450 2668 1706 2734 inbono„-
1734 2671 1741 2752 'g
