1747 3063
191 119 458 170 LIVRE
494 118 591 167 JV.
635 114 1091 164 CHAPITRE
1129 109 1264 166 VII.
1362 129 1462 182 439

0 202 653 281 1ῐὶιιῑςίὶὶιιιῃ.,Εῃίῐῃνειό
678 244 695 270 ,
736 221 797 259 ut
842 199 1058 281 largum
1086 222 1315 282 quoque
1354 203 1461 261 im-
1511 255 1515 258 .

8 284 187 349 'brem
233 303 597 344 excusserunt
641 282 951 363 procellae3
992 304 1097 361 pro
1131 280 1185 342 se
1224 284 1460 364 quisque

21 370 286 449 'excipere
325 388 489 436 eum,
535 364 762 446 quidam
807 364 883 424 ob
926 365 1072 423 sitim
1116 366 1458 446 impotentes

9 449 106 509 ¹sui
125 493 142 520 ‚
178 472 274 509 ore
302 450 530 532 quoque
559 448 736 507 hianti
767 465 990 526 captare
1023 467 1342 527 coeperunt.

116 610 498 685 Quatriduum
520 625 618 689 per
643 605 819 669 vastas
841 608 1166 670 solitudines
1192 607 1459 688 absump-

22 710 146 753 tum
174 692 268 752 est.
290 695 527 772 Jamque
558 690 706 752 haud
727 692 929 770 procul
955 693 1166 752 oraculi
1186 690 1312 751 sede
1334 690 1461 750 abe-

25 794 188 844 rant3
214 796 343 834 cum
369 772 689 853 complures
716 775 874 835 corvi
894 775 1101 856 agmini
1125 792 1457 842 occurrunt,

23 855 252 916 modico
277 855 473 918 volatu
505 859 682 935 prima
716 856 871 936 signa
906 856 1302 916 antecedentes
1337 876 1349 912 :
1395 859 1453 914 &

23 937 197 997 modo
218 939 373 998 humi
397 937 716 996 residebant
731 980 749 1006 ‚
777 960 903 996 cum
928 939 1132 998 lentius
1153 959 1352 1019 agmen
1377 937 1458 995 ino

14 1019 252 1078 ⁴<cederet
272 1043 293 1094 3
325 1018 500 1079 modo
536 1017 590 1078 se
629 1021 826 1098 pennis
872 1019 1135 1081 levabant
1173 1063 1190 1089 ,
1233 1038 1456 1077 antece-

23 1099 278 1160 dentium
306 1102 525 1180 iterque
563 1098 982 1160 monstrantium
1023 1102 1150 1160 ritu.
1193 1100 1453 1160 Tandem

20 1182 93 1242 ad
117 1180 303 1241 sedern
326 1200 711 1241 consecratam
733 1181 866 1241 Deo
888 1202 1125 1242 ventum
1147 1181 1242 1242 est.
1268 1181 1455 1241 Incre-

23 1263 195 1323 dibile
227 1263 378 1323 dieta
403 1306 420 1332 ‚
464 1264 606 1321 inter
636 1262 812 1322 vastas
837 1263 1164 1324 solitudines
1189 1268 1291 1324 sita
1314 1307 1330 1333 ,
1357 1284 1457 1322 un-

24 1344 193 1424 dique
219 1343 593 1405 ambientibus
616 1347 778 1403 ramis
801 1388 818 1413 ,
854 1347 950 1406 vix
984 1346 1038 1403 in
1073 1344 1302 1406 densam
1332 1368 1457 1404 um-

21 1426 178 1487 bram
206 1425 442 1488 cadente
467 1424 581 1485 sole
614 1428 871 1486 contecta
894 1425 1004 1488 est:
1027 1427 1304 1508 multique
1326 1427 1454 1486 fon-

21 1522 104 1570 tes
145 1508 404 1569 dulcibus
448 1512 608 1589 aquis
651 1510 854 1589 passim
900 1511 1254 1570 manantibus
1294 1509 1454 1570 alunt

22 1590 210 1652 silvas.
259 1591 413 1651 Coeli
452 1609 680 1671 quoque
720 1592 855 1650 mira
890 1593 1226 1672 temperieS,
1270 1613 1449 1652 verno

11 1675 262 1753 'tempori
294 1673 528 1733 maxime
565 1672 753 1733 similis
782 1714 799 1742 ,
851 1695 1043 1734 omnes
1088 1674 1217 1732 anni
1263 1693 1453 1753 partes

0 1760 141 1838 :pari
180 1753 498 1814 salubritate
531 1755 828 1832 percurrit.
872 1755 1110 1816 Accolae
1151 1754 1292 1816 sedis
1323 1754 1452 1816 sunt

0 1837 90 1898 ¹ab
128 1839 343 1897 oriente
387 1836 629 1916 proximi
663 1835 1038 1916 AEthiopum:
1070 1843 1126 1899 in
1159 1837 1447 1899 meridiem

0 1940 212 1980 *versus
242 1918 464 1978 Arabes
494 1916 742 1997 speciant
767 1962 784 1988 ‚
822 1919 1198 2002 Troglodytis
1224 1941 1446 2001 cogno-

0 2022 146 2061 ·men
172 1998 278 2060 est:
305 2022 546 2081 quorum
576 2001 733 2080 regio
766 2021 943 2082 usque
977 2001 1047 2061 ad
1072 2003 1303 2062 rubrum
1328 2024 1445 2062 ma-

0 2102 74 2141 ‘re
101 2085 368 2142 excurri&
392 2082 478 2141 At
505 2101 615 2161 qua
641 2085 822 2162 vergit
846 2083 916 2142 ad
938 2083 1294 2146 occidentem
1311 2129 1328 2155 ,
1353 2085 1447 2146 alii

20 2163 323 2245 AEthiopes
363 2164 600 2232 colunt,
640 2185 782 2244 quos
822 2166 1076 2226 Scenitas
1119 2187 1372 2228 vocant:
1415 2185 1448 2228 a

4 2243 410 2325 ¹septemtrione
438 2247 787 2306 Nasamones
811 2246 936 2307 sunt
955 2292 972 2320 ‚
1013 2270 1151 2331 gens
1181 2250 1403 2332 Syrtica
1424 2292 1444 2321 ,

5 2330 370 2408 navigiorum
406 2326 595 2407 spoliis
640 2327 968 2408 quaestuosa,
1022 2332 1250 2412 Quippe
1295 2332 1448 2391 obsi-

16 2408 151 2468 dent
175 2407 339 2469 litora
364 2452 381 2478 ,
418 2413 477 2470 &
510 2408 640 2469 aestu
671 2409 929 2472 destituta
953 2418 1174 2494 navigia
1197 2416 1346 2474 notis
1372 2416 1445 2473 si-

15 2489 74 2549 bi
119 2491 273 2552 vadis
327 2510 630 2571 occupant.
681 2490 897 2553 Incolae
939 2496 1182 2555 nemoris
1216 2539 1233 2565 ,
1298 2517 1444 2577 quos

13 2571 386 2632 Hammonios
419 2592 663 2643 vocant,
705 2573 964 2655 dispersis
999 2577 1236 2658 tuguriis
1278 2577 1442 2638 habi-

11 2670 166 2713 tant:
195 2654 442 2715 medium
468 2676 658 2714 nemus
682 2675 787 2736 pro
814 2679 939 2718 arce
963 2659 1173 2719 habent
1206 2683 1221 2721 :
1254 2659 1441 2739 tripli:-

14 2736 65 2797 εἰ
99 2757 260 2797 muro
288 2736 718 2800 circumdatum.
754 2739 936 2801 Prima
968 2743 1208 2802 munitio
1247 2761 1441 2824 tyran-2

1166 2841 1278 2894 Tiv
