1747 3063
140 145 266 196 DE
321 141 1108 193 FREINSHEMIUS.
1295 156 1359 209 75

0 228 379 310 mus‘quidem
413 248 607 305 regum
636 227 1033 305 regiorumque
1066 230 1368 306 mancipio-

3 335 126 374 rum
162 307 423 370 adversus
466 326 662 387 gentes
701 307 979 386 urbesque
1012 307 1211 366 liberas
1250 330 1371 388 per-

1 397 201 454 tinacia
224 384 352 449 odia
378 410 392 457 3
426 392 483 447 ὃς
516 390 838 467 simpliciter
857 387 1109 447 fecerunt
1129 388 1246 460 isti,
1272 391 1371 469 qui

0 475 317 552 detegunt:
357 469 452 529 sed
492 470 559 528 eo
592 472 765 549 magis
801 470 1164 530 adnitendum
1206 472 1376 530 nobis

3 556 83 616 est
106 601 121 625 ,
146 554 433 621 Thebani,
458 571 520 609 ut
548 554 668 631 jura
695 553 962 631 legesque
989 550 1198 612 nostras
1224 573 1372 614 tuea-

6 660 149 697 mur.

33 909 68 934 ω
91 879 167 944 Et
189 873 498 956 optandum
520 874 785 956 imprimis
814 892 964 933 esset
985 917 1000 943 ,
1035 894 1098 935 ut
1123 875 1377 956 quirem-

9 960 290 1042 publicam
323 959 661 1037 attigerunt,
696 958 756 1015 iis
780 976 950 1013 unum
971 957 1233 1038 idemque
1260 960 1379 1037 pul-

9 1043 340 1103 cherrimum
374 1058 654 1098 certamen
689 1037 837 1097 foret
859 1080 875 1106 ,
924 1044 1148 1118 quinam
1178 1041 1380 1101 reffilius

11 1124 224 1184 civitati
259 1122 367 1179 suae
401 1119 758 1179 consulerent
781 1161 796 1186 ,
825 1138 919 1178 aut
950 1123 1205 1180 consulta
1229 1145 1379 1183 exse-

13 1222 315 1286 querentur
335 1226 348 1262 :
372 1223 538 1260 nemo
566 1202 881 1261 communia
906 1202 1203 1262 commoda
1227 1204 1379 1284 post-

11 1287 240 1346 haberet
276 1285 548 1363 privati33
593 1305 759 1342 nemo
793 1283 1073 1362 acciperet
1106 1307 1335 1346 munera
1355 1307 1383 1358 ;

13 1389 175 1432 nemo
228 1363 454 1425 istorum
502 1364 778 1443 *exemplo
836 1366 1070 1442 patriam
1117 1367 1384 1447 Philippo

16 1448 300 1530 proderet.
335 1446 583 1514 Verum,
624 1446 921 1516 Thebani,
957 1447 1096 1505 nulli
1131 1470 1387 1529 unquam.

18 1552 128 1590 non
165 1530 376 1589 civitati
410 1527 581 1586 modo
614 1571 630 1596 ,
675 1527 769 1586 sed
805 1529 969 1587 etiarn
1004 1529 1215 1588 homini
1247 1532 1384 1591 inte«

20 1635 113 1694 gra
135 1609 372 1671 felicit-as
412 1610 618 1689 obtigit
656 1632 670 1668 τ
714 1610 1061 1669 beatissimus
1098 1612 1338 1671 habetur
1359 1634 1385 1683 ,¹

21 1697 174 1776 cujus
203 1691 428 1752 fortuna
453 1693 740 1750 minimum
767 1714 836 1750 ex
870 1689 1107 1752 adverso
1131 1694 1321 1754 trahit.
1379 1689 1384 1693 ’

46 1887 81 1923 20
109 1855 294 1916 Malos
319 1875 505 1916 autem
543 1854 704 1913 nobis
731 1856 880 1914 cives
904 1876 1020 1913 esse
1054 1899 1071 1924 ,
1106 1857 1386 1917 neminem

27 1936 198 2018 fugit:
232 1960 300 1998 ne
324 1960 426 1999 vos
452 1937 678 2018 quidem
707 1935 950 1995 caruistis
972 1979 988 2005 ‚
1027 1958 1122 1997 aut
1150 1940 1347 1997 caretis
1363 1981 1385 2008 ,

28 2020 315 2080 Thebani:
350 2043 475 2079 nam
499 2021 613 2078 sine
643 2040 711 2077 eo
746 2038 886 2077 esset
909 2062 924 2085 ‚
959 2039 1071 2077 non
1102 2023 1214 2100 jam
1251 2020 1387 2079 Ela-

31 2122 127 2163 teae
149 2145 166 2171 ,
198 2102 486 2182 Philippus
523 2101 767 2159 libertati
804 2099 1002 2158 nostrae
1038 2101 1229 2182 plagas
1262 2122 1385 2162 ten-

33 2182 216 2253 deret,
250 2183 345 2244 sed
381 2184 449 2242 de
487 2203 662 2263 regno
699 2181 1053 2241 Macedoniae
1088 2184 1388 2244 nobiscum

35 2264 359 2325 decertaret.
386 2265 678 2324 Habemus
701 2283 886 2323 tamen
921 2267 978 2324 &
1009 2265 1228 2340 bonos;
1257 2288 1388 2344 eosss

37 2368 136 2427 que
161 2349 345 2426 plures
365 2347 516 2406 malis
540 2390 555 2416 ,
584 2350 642 2405 &
668 2348 936 2425 potiores,
964 2342 1389 2428 Argumentmfi¹

41 2428 262 2507 poscis?
298 2430 457 2488 liberi
480 2428 699 2486 sumus:
737 2449 849 2486 non
889 2427 1153 2488 servimus
1178 2430 1388 2509 Philip-

43 2532 106 2589 po
128 2553 143 2578 ,
174 2511 318 2569 sicut
346 2530 408 2569 tu
435 2512 657 2592 Python
685 2510 994 2591 Byzantios
1025 2531 1152 2570 tuos
1186 2510 1387 2570 servire

45 2590 249 2651 soluisti
273 2636 287 2660 ,
330 2612 393 2651 tu
433 2612 615 2651 autem
656 2591 931 2661 Daoche,
971 2595 1029 2652 &
1053 2612 1118 2653 tu
1157 2592 1391 2660 Thraslz

0 2749 6 2768 1
47 2670 150 2732 :lace
170 2716 188 2744 ,
215 2672 518 2735 Thessalos
542 2674 659 2755 regi
684 2672 1021 2736 vendidistis·

1088 2850 1191 2919 nx}
