1747 3063
344 96 408 150 28
608 84 1486 152 'SUPPLEMENTS

336 206 506 264 quam
545 181 600 243 in
643 183 919 266 ejusmodi
957 185 1197 265 negotiis
1241 188 1496 266 peritiam
1539 210 1747 257 assec-ut

331 265 576 331 fuerant.
1744 288 1747 290 ·

419 357 657 419 Constat
683 359 737 414 in
770 360 888 438 ejus
924 357 1108 436 operis
1142 359 1420 439 impensas
1452 364 1747 444 offingents

330 441 542 502 talenta
582 439 990 518 Philosophum
1033 442 1337 520 accepisse.
1379 443 1549 503 Adeo
1586 466 1747 507 auten

329 525 717 603 cognitionem
751 519 900 593 illam
925 520 1152 591 dilexit,
1182 543 1246 582 ut
1268 525 1322 582 in
1349 547 1468 584 eam
1488 525 1747 606 sumptun

324 604 569 674 faceret,
598 603 905 683 curamque
931 604 1314 682 impenderet,
1341 610 1501 686 cujus
1527 605 1747 673 frudiun

323 688 545 749 visurus
571 708 683 745 non
709 706 844 746 erat.
869 684 996 744 Post
1018 706 1246 746 centum
1273 692 1622 770 annoscapti
1646 691 1743 751 sun

323 771 477 830 cervi
504 792 634 828 cum
660 768 960 849 torquibus
987 771 1166 827 aureis
1196 811 1213 838 ,
1261 791 1403 851 quos
1429 770 1722 833 addiderat

321 872 388 910 ut
419 851 508 912 vel
540 849 745 930 posteri
769 857 1184 930 cognoScerent
1207 895 1221 920 ,
1261 873 1469 931 quanta
1507 850 1648 912 fides
1674 856 1743 916 ha

321 932 506 992 benda
552 931 700 992 foret
743 934 806 992 iis
835 975 849 1000 ‚
900 931 1134 1012 quaede
1179 933 1410 993 istorum
1445 936 1747 1001 animalium

316 1014 686 1097 longaevitate
720 1013 1067 1074 ferebantur.

420 1131 863 1197 Sublimioribus
916 1151 1147 1212 quoque
1203 1129 1508 1210 disciplinis
1548 1176 1565 1202 ,
1625 1157 1747 1216 quas

313 1214 747 1274 Acroamaticas
772 1213 1089 1294 appellant,
1120 1213 1403 1272 eruditum
1440 1212 1606 1274 fuisse
1629 1261 1643 1285 ‚
1672 1220 1747 1298 ip-

312 1302 425 1357 sius
452 1297 688 1370 ⁷‚testatur
726 1296 993 1376 epistola,
1033 1295 1143 1376 qua
1179 1297 1435 1376 queritur
1476 1297 1747 1367 Aristote-

308 1379 422 1439 lem
492 1378 824 1459 dignitatem
884 1394 1073 1437 earum
1129 1376 1404 1457 evulgatis
1460 1384 1747 1462 praeceptis

306 1460 653 1540 profanasse.
692 1462 768 1520 Et
801 1460 893 1520 ille
929 1460 1218 1521 excusavit
1242 1503 1256 1527 ‚
1291 1461 1602 1522 rescribens
1626 1507 1642 1532 ,
1679 1465 1747 1524 ita

306 1544 481 1603 libros
506 1543 631 1602 illos
664 1565 779 1603 esse
811 1542 994 1601 editos
1015 1585 1030 1611 ,
1077 1562 1138 1600 ut
1170 1542 1361 1601 haberi
1395 1544 1610 1622 possint
1648 1566 1747 1626 pro

304 1625 574 1698 ineditis3
618 1648 721 1684 nec
750 1626 897 1684 enim
935 1646 1272 1704 quemquam
1311 1622 1638 1686 sententiam
1665 1630 1746 1709 ip-

304 1706 492 1767 sorum
518 1729 863 1788 magnopere
889 1726 1291 1787 percepturum
1315 1729 1461 1776 esse,
1490 1708 1591 1766 nisi
1624 1732 1744 1790 quae

302 1791 367 1847 iis
392 1792 816 1854 continerentur
840 1833 856 1859 ‚
902 1792 1012 1868 jam
1052 1808 1211 1846 antea
1239 1787 1546 1849 didicisset.
1585 1790 1742 1851 Idem

300 1894 478 1953 quum
515 1871 821 1930 Rhetorica
847 1872 915 1931 ab
950 1893 1018 1939 eo
1047 1872 1296 1950 exigeret
1319 1914 1333 1942 ,
1373 1870 1610 1932 sollicite
1645 1897 1738 1936 ve-

301 1955 414 2015 tuit
437 1997 452 2023 ‚
487 1976 556 2014 ne
584 1953 818 2015 aliorum
851 1955 1017 2033 etiam
1040 1954 1091 2009 in
1118 1975 1309 2011 manus
1334 1957 1626 2033 pervenire
1650 1980 1738 2038 pa-

300 2055 536 2111 teretur.
579 2037 784 2116 Neque
828 2037 971 2094 enim
1008 2035 1186 2092 minus
1217 2033 1455 2116 honestis
1490 2038 1737 2109 artibus:

300 2140 470 2197 quam
506 2120 760 2198 potentia
792 2138 1011 2177 ceteros
1038 2114 1293 2196 praestare
1321 2118 1621 2197 cupiebat:
1656 2122 1736 2178 in-

296 2200 750 2281 dignabaturque
775 2200 1177 2259 communicari
1196 2199 1417 2261 laudem
1439 2200 1590 2260 illam
1613 2224 1736 2280 cum

297 2272 642 2360 humillimis.

384 2396 683 2455 Medicinae
719 2418 948 2477 quoque
991 2397 1171 2459 studio
1198 2398 1477 2457 imbutum
1504 2400 1571 2459 ab
1599 2401 1733 2460 Ari÷

295 2477 492 2539 stotele
519 2478 636 2538 filio
665 2479 903 2549 medici,
940 2503 1007 2540 ex
1035 2501 1203 2560 gente
1228 2480 1694 2560 Asclepiadarum
1716 2527 1732 2554 ,

292 2561 462 2621 fidem
492 2563 660 2642 ipsius
687 2560 931 2641 epistolae
964 2561 1196 2622 faciunt.
1232 2563 1370 2622 Eam
1396 2583 1580 2622 autem
1608 2566 1732 2645 phi-

292 2644 561 2725 losophiae
591 2665 806 2723 partem
831 2688 845 2713 ,
888 2667 1011 2725 quse
1037 2648 1141 2705 sibi
1168 2647 1398 2726 aliisque
1425 2647 1604 2724 probe
1632 2650 1730 2706 im*

291 2749 486 2808 perat-e
514 2724 684 2786 docet
709 2769 726 2795 ,
760 2727 836 2786 ita
865 2726 1041 2786 coluit
1075 2772 1090 2799 ,
1132 2749 1194 2787 ut
1230 2729 1687 2807 magnanimitate
1709 2772 1747 2814 ³.
