1747 3063
235 119 504 171 LIVRE
537 116 638 169 IV.
669 116 1131 167 CHAPJTRE
1167 115 1350 169 VIII.
1423 131 1526 180 447

99 204 253 284 gium
283 202 643 273 conscendit,
667 201 950 283 pluribus,
979 223 1149 296 quam
1174 221 1371 282 capere
1394 200 1527 281 pos-

99 286 218 355 set,
260 288 551 366 impositis,
575 284 776 364 Itaque
802 305 979 343 mersa
1003 286 1157 343 navis
1182 304 1378 344 omnes
1402 282 1526 343 des-

103 368 590 437 tituit1Hee³toi½
631 365 728 426 diu
763 364 979 424 flumini
1011 365 1366 435 0131116131113,
1395 388 1526 438 cum

103 449 334 511 madens
363 440 562 518 vestis,
603 450 661 507 &
687 445 884 505 astriffi
907 448 1149 527 crepidis
1171 446 1342 527 pedes
1369 468 1528 508 nata-

23 579 26 584 .
101 550 161 588 re
187 529 551 611 prohiberent
585 573 602 599 ,
641 533 697 589 in
741 533 917 607 ripam
954 547 1161 589 tamem
1198 527 1530 589 semianimis

103 614 318 686 evasit3
353 615 411 672 &
439 631 499 671 ut
521 617 761 692 primum
793 609 1057 690 fatigatus
1085 609 1336 690 spiritum
1367 611 1529 672 laxa-

103 694 222 762 vit,
251 716 415 786 quem
452 713 633 752 metus
672 695 730 751 δέ
772 691 1089 772 periculum
1124 693 1523 763 intenderant,

105 775 264 834 nullo
290 774 588 852 adjuvante
600 776 644 866 .(
678 775 885 853 quippe
922 779 975 834 in
1019 773 1301 834 diversum
1336 797 1531 836 evase-

104 877 230 916 rant
261 797 395 933 3111’)
436 856 779 916 examinatus
806 853 901 914 est.
942 854 1062 914 Rex
1090 857 1271 914 amissi
1293 860 1409 935 ejus
1436 857 1532 916 de-

105 937 312 999 siderio
346 938 706 1000 vehementer
735 935 964 996 afflieius
990 937 1102 997 est·
1130 958 1533 1019 repertumque

106 1041 315 1100 corpus
333 1017 633 1100 magnifico
654 1020 854 1079 extulit
870 1018 1082 1078 funere.
1090 1019 1368 1083 Oneravit
1381 1021 1533 1081 hune

104 1100 364 1160 dolorem
404 1105 632 1160 nuntius
660 1102 856 1160 mortis
892 1101 1324 1172 Andromachi,
1361 1125 1532 1184 quem

104 1181 433 1263 praefecerat
465 1183 680 1263 Syriae:
716 1187 911 1243 vivum
937 1184 1253 1244 Samaritae
1251 1207 1533 1245 cremave-

0 1325 1 1342 ,
106 1285 252 1324 rant.
275 1264 376 1324 Ad
400 1286 557 1345 cujus
580 1284 864 1323 interitum
891 1264 1532 1346 11111(ἰί63111111111,6111311η

0 1345 1 1352 '
35 1395 41 1398 >
105 1366 164 1406 ta
201 1348 434 1407 maxima
473 1349 755 1406 celeritate
782 1348 966 1425 potuit
990 1348 1328 1408 contendit:
1355 1347 1535 1409 adve-

108 1430 395 1509 nientique
435 1426 556 1486 sunt
599 1428 790 1486 traditi
819 1429 960 1486 tanti
999 1427 1219 1488 sceleris
1259 1432 1533 1491 aucstoreS.

108 1510 522 1570 Andromacho
548 1510 748 1569 deinde
775 1509 1082 1570 Memnona
1110 1509 1389 1571 substituit
1415 1532 1427 1570 :
1459 1511 1534 1572 af·-

109 1591 263 1651 feffi'tis
303 1591 577 1672 supplicio
621 1592 716 1671 qui
760 1611 1062 1671 praetorem
1111 1595 1530 1656 interemerant.

110 1672 451 1755 Tyrannos‚
486 1675 630 1732 inter
657 1695 752 1733 eos
775 1674 1285 1756 Methymnaeorum
1312 1675 1534 1737 Aristo-

110 1777 301 1814 mcum
326 1760 384 1816 &
422 1754 839 1848 Chrysoiaum',
879 1757 1246 1851 popularibus
1285 1755 1390 1816 suis
1420 1779 1534 1818 tra-

113 1837 294 1898 didit:
323 1859 466 1918 quos
493 1838 583 1897 iiii
618 1859 645 1896 e
673 1840 841 1897 muris
869 1838 980 1898 ob
968 1841 1191 1917 injurias
1219 1859 1403 1900 tortos
1428 1862 1535 1899 nen

113 1939 403 1980 caverunt.
429 1919 860 1980 Atheniensium
893 1920 1093 1980 deinde
1111 1964 1129 1992 ‚
1151 1921 1536 1983 Rhodiorum-

114 2023 224 2082 que
251 2005 309 2060 &
335 2001 614 2060 Chiorum
638 2000 854 2081 legatos
879 2003 1052 2062 audit.

201 2083 580 2142 Athenienses
621 2084 906 2144 vieioriam
930 2083 1397 2163 gratulabantur,
1382 2106 1395 2117 ·
1434 2088 1492 2145 &
1511 2104 1537 2156 ,ἲ

116 2183 179 2223 ut
205 2166 414 2244 captivi
442 2166 776 2223 Graecorum
798 2164 903 2223 suis
927 2165 1384 2237 restituerentur,
1413 2189 1537 2227 ora-

116 2247 290 2305 bant:
326 2245 620 2305 Rhodii&
658 2245 789 2306 Chii
827 2246 896 2305 de
932 2247 1191 2326 praesidio
1222 2249 1538 2328 quereban-

115 2348 228 2387 tur.
256 2328 474 2387 Omnes
507 2349 662 2407 aequa
690 2328 998 2388 desiderare
1024 2331 1159 2398 visi,
1198 2330 1537 2411 impetrave-

117 2430 268 2469 runt.
320 2410 680 2489 Mitylenaeis
702 2432 930 2491 quoque
959 2453 981 2504 ,⁹
1033 2412 1108 2472 ob
1155 2415 1436 2492 egregiam
1479 2419 1537 2474 in

117 2513 305 2571 partes
337 2490 456 2551 suas
480 2489 651 2550 fidem
678 2495 735 2553 ὃς
771 2494 1098 2572 pecuniam,
1138 2514 1305 2574 quam
1331 2496 1386 2554 in
1412 2495 1537 2553 beh-

49 2584 53 2586 ’
119 2574 236 2632 ium
271 2572 658 2665 impenderant
693 2618 709 2643 ,
756 2575 977 2634 obsides
1002 2574 1282 2635 reddidit.
1325 2581 1381 2636 &
1425 2599 1536 2635 man

120 2677 286 2735 gnam
332 2656 616 2734 regionem
658 2655 862 2716 finibus
906 2679 1100 2717 eorum
1142 2657 1365 2735 adjecit.
1410 2659 1538 2739 Cy..

123 2758 371 2817 priorum
397 2758 623 2820 quoque
657 2740 881 2822 regibus
905 2782 922 2813 ,
952 2742 1048 2822 qui
1075 2743 1130 2801 ὅζ
1162 2762 1191 2800 3
1228 2739 1405 2800 Dario
1438 2740 1538 2802 deo·
