1747 3063
298 96 560 149 LIVRE
592 92 692 147 JV.
734 93 1197 147 CHAPJTRE
1230 99 1335 148 IX.
1454 114 1549 167 451

127 182 410 266 gladiique
435 180 838 262 adjiciebantur
859 202 872 238 :
914 203 1302 264 equorumque
1325 182 1556 244 doman-

128 269 186 325 di
217 262 417 347 greges
463 264 745 345 peditibus
794 259 1070 324 distributi
1110 265 1235 324 sunt
1266 308 1283 335 ,
1329 286 1392 325 ut
1432 288 1553 326 ma·-

25 348 46 367 ”
125 350 215 428 jor
255 345 488 427 pristino
534 366 680 410 esset
728 350 1060 423 equitatu33
1104 349 1452 428 ingensque,
1490 366 1554 406 ut

124 429 483 499 credideram
524 447 705 487 terror
731 425 968 486 hostium
993 471 1008 496 ‚
1043 427 1300 488 ducentae
1331 428 1552 490 falcatae

125 511 414 590 quadrigae
459 553 477 579 ,
527 510 754 567 unicum
803 508 1020 566 illarum
1082 514 1334 590 gentium
1401 514 1555 572 auxi·

47 646 54 649 ,Α
126 592 262 651 lium
287 636 302 662 ,
340 591 540 651 secutae
581 589 725 648 sunt.
758 589 846 649 Ex
879 589 1092 651 summo
1130 612 1355 653 temone
1386 593 1552 653 hastae

126 673 369 754 praefixae
421 672 569 732 ferro
616 670 982 731 eminebant:
1025 675 1306 756 utrimque
1347 699 1374 734 a
1411 680 1552 757 jugo

124 775 313 814 ternos
338 754 653 814 direxerant
687 752 944 834 gladios:
973 756 1201 814 &inter
1236 757 1421 817 radios
1462 780 1554 816 ro-

125 855 307 896 tarum
333 836 491 917 plura
517 834 722 915 spicula
756 836 1075 895 eminebant
1117 838 1172 895 in
1214 837 1547 899 adversum:

125 918 245 977 aliae
290 916 492 977 deinde
534 916 705 977 falces
747 914 970 977 summis
1013 938 1262 977 rotarum
1317 922 1552 981 orbibus

124 999 449 1072 haerebant3
488 1003 545 1060 &
588 998 704 1058 aliae
745 998 797 1056 in
829 1018 1032 1058 terram
1071 999 1344 1072 dimissae,
1382 1003 1553 1083 quid-

124 1081 260 1161 quid
295 1081 526 1141 obvium
564 1081 859 1141 concitatis
890 1084 1046 1162 equis
1085 1079 1278 1142 fuisset
1298 1126 1315 1154 ,
1354 1106 1551 1166 ampuv

121 1181 340 1222 taturae.

203 1245 337 1304 Hoc
364 1241 534 1302 modo
559 1240 821 1302 instructo
847 1242 1096 1302 exercitu
1118 1266 1181 1304 ac
1207 1265 1554 1324 perarmat02'

120 1324 400 1386 Babilone
439 1330 629 1401 copias
667 1328 865 1385 movit.
903 1323 963 1382 A
1006 1346 1163 1405 parte
1198 1327 1393 1388 dextra
1432 1349 1551 1391 erat

121 1406 312 1488 Tigris
338 1450 352 1476 ,
390 1406 596 1467 nobilis
630 1404 835 1468 fluvius
872 1430 894 1480 3
936 1405 1130 1466 laevam
1167 1412 1398 1489 tegebat
1423 1412 1550 1469 Eu·-

119 1489 381 1570 phrates:
418 1510 614 1568 agmen
645 1488 1071 1568 Mesopotamiae
1097 1512 1324 1570 campos
1351 1495 1551 1572 imple·
1614 1493 1616 1495 ’

120 1592 300 1631 verat.
333 1569 494 1650 Tigri
527 1569 726 1629 deinde
762 1572 1023 1648 inp-erato
1051 1613 1066 1638 ,
1106 1591 1235 1630 cum
1260 1575 1547 1645 audisset,

120 1652 270 1712 haud
296 1651 495 1733 procul
523 1651 711 1710 abesse
744 1650 956 1712 hostem
982 1673 1001 1722 3
1029 1654 1382 1733 Satropatem
1405 1659 1559 1736 equi—

121 1753 243 1793 tum
283 1733 601 1812 praefectttm
638 1756 767 1793 cum
809 1733 958 1793 mille
1000 1735 1225 1794 deletitis
1265 1744 1552 1816 praemisit,

124 1816 348 1876 Mazaeo
391 1817 618 1895 praetori
656 1813 752 1873 sex
783 1815 950 1875 millia
982 1816 1108 1876 data
1136 1861 1153 1887 ,
1190 1820 1392 1898 quibus
1427 1819 1553 1878 hos-2

121 1916 237 1957 tem
278 1899 511 1957 transitu
565 1898 738 1956 amnis
790 1918 1023 1958 arceret.
1074 1899 1277 1959 Eidem
1322 1903 1554 1962 manda-

120 1998 279 2046 tum,
323 2001 383 2038 ut
426 1983 712 2059 regionem
752 2022 768 2048 ,
812 2002 978 2060 quam
1028 1982 1358 2042 Alexander
1404 2003 1550 2044 esset

121 2061 409 2129 aditurus,
451 2052 817 2139 §opularetur
859 2081 1025 2141 atque
1073 2085 1279 2124 ureret.
1319 2064 1552 2145 Quippe

122 2141 391 2201 credebat
418 2186 432 2209 ‚
477 2143 663 2221 inopia
701 2142 970 2202 debellari
992 2167 1158 2225 posse
1186 2147 1321 2206 nihil
1343 2148 1553 2207 haben-

119 2242 236 2282 tem
259 2267 274 2292 ,
311 2225 411 2282 nisi
437 2223 592 2304 quod
612 2225 881 2301 rapiendo
905 2247 1238 2304 occupasset
1262 2251 1276 2287 :
1312 2230 1414 2308 ipsi
1448 2252 1552 2288 au==

120 2323 236 2364 tem
264 2326 609 2364 commeatus
635 2306 727 2366 alii
751 2326 929 2376 terra,
952 2307 1041 2367 alii
1057 2308 1219 2390 Tigri
1239 2333 1397 2369 amne
1423 2309 1552 2370 sub-

123 2386 495 2447 vehebantur.
543 2388 665 2446 Jam
714 2410 1044 2467 pervenerat
1090 2393 1159 2451 ad
1205 2391 1421 2451 Arbela
1460 2395 1551 2454 vi-

123 2488 293 2537 cum,
331 2467 577 2527 nobilem
613 2468 705 2527 sua
744 2470 902 2529 clade
939 2470 1200 2533 faciurus.
1230 2474 1348 2533 Hic
1385 2496 1548 2535 com-

122 2570 367 2608 meatum
405 2548 851 2632 sarcinarumque
890 2558 1097 2634 majore
1132 2575 1289 2636 parte
1322 2555 1550 2636 deposi-

122 2649 175 2698 ta
200 2673 214 2697 ,
251 2632 475 2714 Lycum
502 2654 719 2692 amnem
746 2648 919 2713 ponte
951 2638 1137 2716 junxit
1156 2681 1172 2707 ,
1211 2642 1268 2697 &
1296 2660 1394 2716 per
1429 2638 1547 2700 dies

123 2713 402 2795 quinque,
430 2715 571 2775 sicut
598 2736 724 2776 ante
757 2716 1116 2798 Euphraten,
1145 2720 1362 2799 trajecit
1390 2741 1549 2781 exer·-
