1747 3063
178 65 281 138 “308
477 58 1373 133 QUINTE-CURCE‚

179 155 462 236 peritum,
507 155 565 210 &
604 149 680 207 ob
724 147 951 206 exilium
991 142 1247 204 infestum
1286 143 1621 210 Alexandro

168 232 204 313 '(
225 238 434 318 quippe
468 233 710 292 Athenis
741 229 974 311 jubente
1001 249 1070 286 eo
1106 226 1288 287 fuerat
1313 230 1621 311 expulsus)

170 316 500 403 'percontari
536 313 750 392 coepit:
788 313 994 367 Satisne
1027 311 1074 367 ei
1093 308 1362 370 videretur
1396 311 1623 389 instruc·
1688 366 1690 369 .

178 420 260 460 tus
297 400 370 459 ad
406 395 734 457 obterendum
758 392 941 471 bostem
961 399 988 450 ,ἒ
1690 392 1695 396 ’

260 563 348 623 At
368 561 460 622 ille
482 565 540 623 &
562 559 673 619 suae
691 557 850 619 sortis
867 603 883 628 ‚
912 562 970 620 ὃς
992 555 1160 639 regiae
1178 554 1451 642 superbiae
1476 557 1626 620 obli-

45 695 48 700 -
98 711 103 714 ,
177 666 302 721 tus3
324 652 547 715 Verum,
571 645 758 724 inquit
772 686 790 713 ,
811 641 875 701 (ἢ
897 660 953 698 tu
960 643 1143 718 forsan
1168 641 1354 699 audire
1373 644 1539 708 noli55
1561 642 1626 700 (ᾗ

180 751 265 811 ego
292 772 310 798 ,
351 729 452 783 nisi
476 748 616 784 nunc
644 725 818 784 dixero
834 769 852 796 ,
876 724 1011 782 alias
1035 722 1398 806 nequidquam
1417 725 1626 803 confite·
1706 728 1708 737 '

182 810 294 870 bor.
322 813 437 866 Hic
462 811 601 867 tanti
633 826 914 892 apparatus
945 805 1200 864 exercitiis
1221 852 1238 879 ,
1273 808 1372 865 haec
1410 824 1481 863 tot
1498 829 1628 888 gen·
1696 823 1699 825 ’

177 896 335 957 tium,
355 892 419 950 (ῥ’
440 894 593 949 totius
614 893 828 951 Orienis
849 892 1017 946 excita
1031 886 1361 966 fidibusfieis
1379 892 1628 969 moles,fi—

181 977 383 1034 nitimis
393 973 548 1057 potest
565 997 662 1033 esse
679 972 928 1030 terribilis
942 994 959 1026 .·
978 973 1104 1028 nitet
1117 990 1359 1056 purpura
1379 993 1627 1052 auroque,

168 1061 344 1140 fulget
366 1061 533 1115 armis
555 1066 619 1117 ἐφ’
640 1058 902 1139 opulentia
918 1099 935 1119 ,
952 1071 1211 1133 quantam
1229 1058 1320 1135 qui
1340 1056 1498 1112 oculis
1524 1076 1628 1110 non

171 1143 425 1219 subjecere
447 1186 464 1206 ,
488 1144 682 1199 animis
708 1140 971 1220 concipere
993 1148 1101 1193 non
1112 1155 1341 1219 possunt.
1362 1135 1468 1195 Sed
1492 1144 1632 1194 Ma-

183 1223 439 1282 cedonum
484 1226 619 1280 acies
663 1241 822 1279 torva
859 1222 991 1297 sane
1038 1218 1103 1277 &⁴
1157 1223 1361 1278 inculta
1388 1263 1404 1290 ,
1449 1222 1629 1303 clypeis
1700 1285 1706 1295 Ι

184 1305 440 1385 hastisque
480 1303 767 1362 immobiles
810 1325 989 1361 cuneos
1014 1346 1033 1375 ,
1076 1303 1140 1363 &³
1175 1321 1408 1362 conserta
1445 1303 1630 1360 robora

181 1392 426 1447 virorum
471 1393 612 1471 tegit.
656 1389 766 1470 Ipsi
797 1386 1123 1470 phalangem
1166 1404 1363 1444 vocant
1391 1383 1633 1468 peditum

165 1470 357 1551 stabile
399 1493 624 1552 agmen:
662 1473 755 1528 vir
795 1472 910 1527 viro
935 1513 950 1536 ‚
989 1473 1156 1527 armis
1201 1491 1360 1527 arma
1398 1485 1636 1526 conserta

173 1556 320 1633 sient.
357 1553 453 1611 Ad
492 1572 679 1612 nutum
726 1553 974 1610 monentis
1020 1555 1205 1610 intenti
1240 1552 1392 1632 sequi
1435 1552 1633 1632 signa,

183 1633 391 1695 ordines
405 1634 623 1713 servare
644 1636 889 1698 didicer&
919 1635 1079 1713 Quod
1104 1632 1391 1719 imperatur
1413 1679 1432 1700 ,
1461 1654 1634 1701 omnes

184 1718 483 1778 exaudiunt
521 1744 538 1777 .·
589 1718 808 1796 obsistere
831 1765 845 1790 ,
889 1714 1171 1777 circumire
1199 1762 1212 1786 ,
1251 1714 1535 1776 discurrere
1573 1716 1632 1773 in

183 1824 417 1872 cornua,
447 1821 647 1861 mutare
660 1821 900 1885 pugnam
921 1845 940 1873 ,
970 1824 1072 1860 non
1099 1800 1253 1859 duces
1278 1801 1446 1881 magis
1471 1820 1636 1878 quam

185 1885 376 1943 milites
411 1887 618 1943 callent.
662 1891 733 1942 Et
768 1907 830 1940 ne
870 1887 995 1943 auri
1031 1886 1336 1966 argentique
1357 1880 1533 1958 studio
1559 1899 1635 1938 te·-

182 1969 308 2025 neri
322 1986 469 2050 putes
491 2012 508 2038 ,
526 1966 720 2033 ,adhuc
752 1969 850 2024 illa
882 1967 1163 2051 disciplina
1192 1982 1503 2050 paupertate
1523 1985 1638 2026 ma-

180 2050 350 2133 gistra
383 2053 525 2121 stetit
552 2075 568 2106 .·
603 2052 852 2131 fatigatis
898 2050 1087 2108 humus
1130 2048 1297 2108 cubile
1331 2045 1394 2123 est
1425 2069 1441 2101 .·
1496 2044 1638 2104 cibus

189 2155 341 2213 quem
387 2150 639 2214 occupant
668 2133 876 2209 satiat.-
919 2151 1146 2214 tempora
1179 2132 1354 2209 somni
1399 2131 1634 2187 aretiam

184 2236 351 2295 quam
400 2218 555 2272 noblis
599 2215 744 2290 sunt.
802 2219 939 2274 Jam
996 2215 1234 2272 Thessali
1287 2215 1473 2293 equites
1501 2255 1518 2282 ‚
1571 2216 1640 2268 ὃ*

184 2301 504 2358 Acarnanes
526 2341 544 2368 ,
577 2300 849 2376 AEtolique
870 2344 886 2367 ‚
912 2300 1112 2355 invifla
1138 2295 1265 2353 bello
1299 2315 1488 2352 manus
1498 2294 1635 2370 fun-

186 2378 271 2437 dis
306 2378 488 2451 credo,
543 2379 608 2438 (ῥ’
653 2379 809 2454 hastis
859 2383 975 2460 igne
1020 2379 1220 2436 duratis
1267 2379 1572 2460 repellentur
1610 2383 1639 2434 ,ἓ

182 2464 314 2546 pari
349 2461 514 2519 robore
542 2481 661 2544 opus
691 2460 791 2537 est:
830 2463 884 2518 in
922 2464 1017 2519 illa
1044 2480 1181 2519 terra
1206 2506 1225 2533 ,
1264 2482 1367 2541 qua
1410 2458 1497 2515 hos
1532 2480 1634 2537 ge-

189 2546 345 2612 nuit,
379 2547 590 2602 auxilia
639 2543 911 2625 quaerenda
940 2544 1066 2622 fiant
1104 2569 1120 2599 .·
1171 2559 1448 2625 argentum
1499 2535 1634 2617 istud

191 2643 348 2709 atque
380 2648 581 2687 aurum
629 2626 706 2688 ad
754 2625 1152 2688 conducendum
1202 2628 1421 2686 militem
1471 2626 1633 2683 mitte.
