1747 3063
227 124 326 181 512
510 98 1471 180 'QUINTE-CURC'E„
1742 157 1745 177 ἶ

228 198 407 259 Certe
431 217 590 260 vates
614 193 945 256 Aristander
962 240 980 267 ‚
1007 197 1134 260 alba
1157 196 1307 260 veste
1332 196 1566 258 indutus
1582 240 1598 267 ,
1618 192 1683 258 δι
1737 186 1745 247 ,ss

227 280 430 341 dextra
477 277 780 361 praeferens
822 279 1068 340 lauream
1097 323 1114 350 ‚
1157 279 1432 342 militibus
1471 281 1526 339 in
1569 300 1681 360 pu-

226 386 395 445 gnam
420 363 652 422 intentis
687 384 848 423 avem
879 361 1246 441 monstravit,
1283 360 1432 418 haud
1456 360 1681 421 dubium

226 446 454 503 vifioriae
483 446 798 526 auspicium.
823 442 1037 526 Ingens
1061 464 1200 526 ergo
1226 444 1483 506 alacritas
1510 466 1574 504 ac
1605 442 1682 502 fi-

228 526 395 588 ducia
422 528 594 608 paulo
622 547 751 587 ante
775 532 1006 588 territos
1031 527 1290 588 accendit
1317 527 1388 587 ad
1410 548 1683 608 pugnam.
1741 537 1746 593 ’ς

229 612 453 692 Utique
480 608 775 692 postquam
802 612 993 692 auriga
1010 610 1204 681 Darii,
1229 611 1328 692 qui
1351 618 1479 670 ante
1501 609 1682 689 ipsum

228 692 427 754 sedens
455 714 631 775 equos
651 693 920 776 regebat,
946 693 1096 754 hasta
1121 691 1424 754 transfixus
1448 689 1525 752 est
1537 713 1557 764 3
1578 713 1685 767 nec
1743 688 1745 690 ’

231 797 332 837 aut
367 777 550 838 Persae
574 821 589 847 ,
625 796 722 837 aut
763 775 1111 838 Macedones
1137 775 1470 838 dubitavere
1495 819 1511 847 ,
1547 776 1686 857 quin
1745 827 1746 830 ,

232 864 353 940 ipse
375 881 474 920 rex
500 880 645 920 esset
670 861 910 920 occisus,
935 859 1201 941 Lugubri
1222 881 1360 941 ergo
1384 859 1602 919 ululatu
1625 860 1686 919 &
1744 861 1746 903 ἕ

232 942 532 1003 incondito
554 943 801 1003 clamore
821 944 1150 1024 gemituque
1171 962 1351 1002 totam
1374 940 1490 1002 fere
1508 941 1689 1001 aciem

233 1025 423 1085 adhuc
449 1047 613 1108 aequo
641 1026 827 1084 Marte
857 1026 1228 1106 pugnantium
1256 1024 1557 1084 turbavere
1585 1044 1690 1083 co-
1745 1069 1746 1093 1

240 1108 595 1190 gnatitDarii
625 1112 683 1168 a&
717 1110 1010 1188 armigeri3
1035 1109 1296 1188 laevoque
1327 1128 1505 1165 cornu
1530 1107 1583 1164 in
1607 1102 1692 1164 fu·

237 1215 368 1272 gam
390 1190 572 1250 effuso
589 1235 604 1260 ,
632 1189 1000 1251 destituerant
1026 1213 1291 1263 curmmg
1315 1211 1482 1270 quem
1507 1211 1535 1248 a
1558 1187 1693 1248 dex-

237 1296 324 1334 tra
352 1293 508 1353 parte
532 1273 716 1353 stipati
742 1275 795 1330 in
829 1272 1077 1332 medium
1105 1294 1302 1352 agmen
1333 1289 1688 1351 receperunt.

325 1356 556 1416 Dicitur
582 1361 807 1415 acinace
836 1354 1022 1415 stricto
1043 1355 1254 1415 Darius
1275 1354 1560 1414 dubitasse
1582 1399 1596 1421 ,
1621 1373 1691 1412 an

238 1438 390 1520 fugae
415 1437 662 1498 dedecus
688 1436 918 1497 honesta
950 1457 1133 1497 morte
1156 1443 1381 1499 vitaret.
1422 1434 1536 1495 Sed
1561 1435 1695 1495 emi-

244 1544 381 1582 nens
405 1543 572 1580 curru
596 1519 848 1580 nondum
870 1543 1094 1581 omnem
1113 1519 1339 1579 suorum
1360 1520 1535 1578 aciem
1553 1539 1696 1597 prae-

245 1606 323 1663 lio
363 1602 733 1664 excedentem
770 1601 1067 1664 destituere
1107 1601 1498 1662 erubescebat,
1537 1600 1696 1660 Dum

244 1694 392 1752 inter
429 1685 582 1768 spem
622 1691 680 1747 ὃς
721 1686 1169 1768 desperationem
1206 1685 1427 1744 haesitat
1449 1727 1466 1754 ‚
1497 1681 1698 1744 sensim

245 1771 429 1830 Persae
460 1769 776 1841 cedebant,
821 1773 879 1830 &
915 1769 1240 1831 laxaverant
1276 1766 1520 1827 ordineS.
1553 1766 1701 1826 Ale-

248 1852 463 1913 xander
494 1872 715 1912 mutato
743 1874 892 1934 equo
916 1896 932 1922 ,
968 1854 1177 1934 quippe
1213 1849 1402 1931 plures
1426 1848 1700 1931 fatigave-

251 1957 338 1997 rat
365 1979 380 2005 ,
427 1934 797 1996 resistentium
838 1935 1074 1996 adversa
1120 1956 1218 1993 ora
1257 1931 1512 1993 fodiebat
1548 1976 1565 2002 ‚
1611 1928 1701 1991 fu-

249 2023 529 2100 gientium
566 2037 746 2098 terga.
777 2018 1014 2099 Jamque
1046 2038 1160 2075 non
1187 2037 1376 2097 pugna
1407 2060 1424 2085 ‚
1465 2014 1559 2075 sed
1585 2036 1701 2075 cae-

253 2102 352 2162 des
377 2122 526 2161 erat:
554 2123 683 2159 cum
710 2099 920 2159 Darius
948 2120 1179 2180 quoque
1205 2121 1433 2158 currum
1455 2096 1611 2157 suum
1641 2101 1700 2158 in

251 2183 445 2264 fugam
489 2185 683 2244 vertit.
730 2182 1004 2242 Haerebat
1045 2183 1099 2240 in
1144 2187 1319 2261 tergis
1363 2179 1700 2260 fugientium

251 2268 470 2327 victor:
512 2263 606 2324 sed
644 2267 1003 2345 prospectum
1035 2264 1334 2322 oculorum
1364 2264 1543 2322 nubes
1579 2263 1704 2343 pul-

231 2353 400 2410 -veris
425 2390 440 2417 ‚
483 2368 609 2428 quae
655 2346 726 2406 ad
764 2347 965 2406 caelum
1003 2344 1324 2414 ferebatur,
1374 2343 1698 2406 abstulerat.

250 2432 414 2511 Ergo
438 2428 589 2489 haud
626 2427 783 2489 secus
821 2451 990 2511 quam
1029 2430 1082 2487 in
1118 2427 1368 2488 tenebris
1400 2427 1704 2500 errabant3

254 2513 329 2574 ad
367 2512 611 2572 sonitum
647 2531 797 2571 notae
836 2513 992 2572 vocis
1016 2554 1032 2580 ,
1075 2530 1139 2570 ut
1172 2514 1431 2590 signum,
1466 2508 1703 2571 subinde

255 2599 554 2656 coeuntes·
588 2593 1056 2654 Exaudiebantur
1081 2594 1298 2653 tantum
1329 2590 1586 2671 strepitus
1609 2593 1708 2651 ha·

255 2679 560 2745 benarnm,
590 2677 794 2758 quibus
819 2679 948 2758 equi
974 2697 1200 2735 currum
1226 2675 1510 2734 trahentes
1531 2673 1705 2734 idem-

256 2759 434 2821 tidem
459 2758 935 2821 verberabantur:
961 2761 1080 2820 haec
1102 2755 1214 2825 sola
1236 2755 1503 2840 fugientis
1537 2755 1732 2882 vestie}

257 2845 350 2926 gia
375 2863 613 2923 excepta
634 2841 780 2903 sunt.
