1747 3063
226 83 282 144 'D
305 92 352 142 Ε
410 94 519 142 FR
544 91 778 141 EJNS
800 89 923 138 HE
947 87 1206 137 MJUS.
1349 85 1448 151 167

102 179 178 240 Et
205 179 470 258 quoniam
504 175 848 255 superiorum
883 173 1203 254 praeliorum
1233 173 1443 250 experi-

12 261 215 328 mentis
249 262 515 338 imparem
544 259 855 319 Asiaticum
896 255 1127 316 militem
1159 253 1443 331 Europaeo

20 343 330 404 didicerant
355 383 371 409 ,
410 340 583 398 missis
629 343 684 399 in
730 339 1018 398 Graeciam·
1045 334 1447 414 conquisitori-

15 426 124 486 bus
152 466 168 491 ,
206 421 277 481 ad
304 422 708 500 quinquaginta
734 419 902 480 millia
928 419 1166 499 egregiae
1190 420 1448 496 juventu-

27 511 97 565 tis
121 504 379 562 mercede
408 502 818 562 conduxerunt.
847 501 955 559 His
979 501 1156 578 copiis
1177 498 1451 558 Memnon

26 583 284 645 Rhodius
328 585 544 642 Praetor
579 581 740 640 datus
782 581 858 640 est
894 601 915 652 3
963 582 1062 661 qui
1095 580 1285 640 multis
1321 598 1449 638 ante

6 665 180 732 vbellis
220 663 390 722 fidem
427 666 805 743 virtutemque
832 662 980 720 suam
1015 662 1190 721 Persis
1221 659 1444 720 abunde

9 746 375 830 probaverat.
417 743 473 802 Is
501 743 570 803 ad
597 743 984 824 occupandam
1013 743 1295 824 Cyzicum
1320 744 1447 800 mis⁴

19 850 113 893 -sus
151 870 167 897 ,
217 828 398 886 citatis
444 826 730 884 itineribus
788 846 888 904 per
932 825 1233 906 Phrygiam
1267 865 1286 892 ,
1335 846 1446 904 qua

25 907 241 967 :Troadi
265 909 665 976 committitur,
693 907 764 969 ad
786 906 947 966 Idam
973 925 1226 973 montem
1250 926 1448 983 perve-

18 995 107 1059 ,nit
127 1032 143 1058 ‚
177 995 300 1068 ipso
326 993 551 1049 nomine
587 1008 838 1053 naturam
875 988 1008 1047 situs
1037 985 1118 1046 sui
1155 985 1451 1065 praeferen-

25 1089 141 1130 tem
168 1091 181 1127 :
225 1091 350 1129 nam
382 1070 663 1130 condensa
688 1071 979 1134 arboribus
1009 1068 1134 1128 loca
1158 1066 1290 1126 Idas
1326 1068 1451 1126 An·

25 1152 170 1231 tiqui
197 1150 405 1211 dixere.
440 1153 707 1231 Exsurgit
731 1150 826 1212 iste
854 1151 1085 1210 celsiore
1120 1155 1407 1210 cacumine
1428 1191 1447 1218 ‚

0 1295 1 1303 ἵ
29 1253 194 1311 quam
219 1238 391 1292 ceteri
412 1233 483 1292 ad
509 1233 946 1312 Hellespontum
981 1252 1220 1293 montes,
1244 1230 1312 1288 In
1335 1254 1451 1290 me·-

27 1314 125 1394 dio
152 1312 375 1391 specum
409 1314 577 1374 hab'et
603 1314 865 1394 religioso
894 1315 1134 1372 horrore
1157 1311 1356 1372 famam
1393 1317 1450 1372 in

29 1394 230 1459 ,fabulis
255 1397 475 1455 nactum
496 1417 514 1465 3
553 1415 613 1454 ut
638 1396 712 1454 ibi
739 1396 990 1454 Dearum
1014 1392 1219 1453 formas
1243 1393 1451 1453 arbiter

32 1475 309 1554 Troianus
333 1475 598 1556 spectasse
622 1477 959 1557 praedicetur
975 1518 994 1546 ,
1025 1496 1197 1554 quum
1218 1476 1454 1556 imperio

27 1559 204 1640 *patris
229 1563 514 1639 expositus
534 1601 551 1629 ,
579 1563 634 1618 in
654 1558 758 1621 Ida
782 1577 974 1624 monte
1001 1556 1359 1619 adolevisset.

43 1793 51 1801 ’
117 1797 332 1859 Eadem
374 1798 661 1861 Idaeorum
702 1802 1076 1881 Dauylorum
1118 1800 1296 1879 patria
1338 1823 1459 1863 esse

33 1878 240 1949 fertur,
264 1883 360 1961 qui
383 1885 582 1962 primi,
611 1884 808 1963 magna
831 1882 1014 1941 Matre
1041 1879 1283 1943 docente
1304 1926 1318 1952 ‚
1346 1894 1458 1945 arn-J

41 1960 270 2041 biguum
300 1961 429 2022 ferri
459 1986 618 2023 usum
644 2008 659 2032 ‚
693 1985 872 2044 neque
907 1964 1082 2022 minus
1107 1963 1241 2023 utile
1268 1986 1460 2024 neces-

42 2043 213 2106 sitatis
246 2043 563 2125 laborisque
592 2044 844 2105 solatium
868 2088 882 2112 ,
928 2066 1094 2123 quam
1133 2048 1461 2107 acerrimum

43 2119 241 2187 furoris
273 2124 691 2185 instrumentum
714 2171 729 2196 ,
768 2126 1078 2185 invexerint
1115 2132 1267 2186 vitae.
1306 2127 1460 2187 Illud

46 2206 208 2263 etiam
255 2208 616 2267 admiratione
668 2209 899 2289 dignum
943 2206 1204 2285 proditur
1242 2229 1256 2267 τ
1303 2209 1461 2289 quod

49 2285 190 2345 circa
218 2287 387 2348 Canis
425 2308 683 2348 exortum
711 2333 726 2358 ‚
765 2293 945 2349 ventis
968 2286 1313 2368 depressiora
1345 2309 1463 2349 tur-

51 2366 307 2428 bantibus
325 2371 377 2428 in
399 2368 612 2432 summo
635 2370 913 2449 Idaeijugi
938 2372 1224 2431 cacumine
1244 2372 1464 2451 quietus

50 2452 142 2507 a'e‘r
162 2447 238 2507 est
263 2471 274 2508 τ
312 2450 578 2531 quodque
613 2452 784 2512 multa
809 2451 990 2510 adhuc
1020 2453 1181 2510 noete
1202 2458 1361 2512 terris
1381 2459 1465 2512 in-

43 2529 292 2601 ¹cubante
315 2575 331 2601 ,
361 2531 535 2591 solem
565 2538 716 2592 aiunt
741 2532 1025 2611 conspici,
1062 2553 1173 2591 non
1202 2533 1362 2614 {lobi
1392 2533 1470 2603 ici-2

53 2611 188 2692 gur&
218 2656 235 2682 ,
284 2613 468 2672 sedin
506 2613 897 2691 amplissimam
931 2611 1280 2674 latitudinem
1316 2615 1470 2694 sparse·

57 2691 170 2753 sum
209 2737 225 2766 ,
283 2699 341 2755 &
400 2695 554 2755 velut
609 2694 840 2755 diversis
896 2695 1106 2778 ignium
1160 2699 1472 2783 agminibus
