1747 3063
243 76 345 146 360
471 73 1444 144 ,QUIN-TE-CURCE,
1691 96 1716 142 q

242 184 519 245 pecorum
542 162 719 222 modo
742 206 757 232 ,
789 166 847 222 &
872 161 1022 221 idem
1047 184 1231 239 metus
1255 209 1269 235 ‚
1304 167 1400 246 qui
1431 143 1716 247 cogebat?

243 247 442 328 fugere
466 288 481 312 ,
524 243 805 325 fugientes
839 245 1183 305 morabatur.
1210 247 1298 306 At
1323 250 1510 308 Graeci
1532 292 1548 317 ‚
1585 251 1714 330 quij

243 332 301 388 in
342 328 502 386 Darii
550 325 804 405 partibus
855 326 1121 387 steterant
1154 373 1169 397 ‚
1230 326 1486 412 Amynta
1539 331 1717 390 duce,

249 416 273 488 (
300 429 509 491 praetor
542 410 631 467 hic
658 409 975 468 Alexandri
1007 407 1111 469 fuit
1133 454 1149 481 ,
1184 432 1333 472 nunc
1357 410 1686 493 transfuga)

246 492 474 571 abrupti
499 513 528 550 a
554 493 755 551 ceteris
777 535 793 560 ,
825 491 976 552 haud
1014 490 1139 552 sane
1173 491 1520 573 fugientibus
1545 489 1689 556 s‘irni-

247 578 327 636 ies
358 594 671 634 evaserant.
707 574 944 635 Barbari
976 574 1146 655 longe
1183 575 1457 637 diversam
1497 575 1714 658 fugam·

247 656 616 721 intenderunt
645 678 657 715 τ
687 656 777 715 alii
803 679 912 738 qua
940 659 1154 718 rectum
1183 660 1287 718 iter
1311 665 1367 720 in
1401 659 1718 732 PersidemQ

252 739 542 818 ducebatg
578 739 809 821 quidam
835 744 1135 800 circumitu
1165 763 1331 822 rupes
1357 784 1374 811 ‚
1405 740 1690 822 saltusque
1715 735 1719 745 ⁵

250 824 532 884 montium
559 822 821 883 occultos
849 824 1100 903 petivere
1127 843 1145 894 3
1182 826 1348 904 pauci
1379 823 1550 884 castra
1576 825 1693 884 Da·
1717 816 1719 821 ⁸

254 909 338 969 rii.
379 906 626 986 Sedjam
661 906 754 965 illa
789 926 1018 987 quoque
1055 904 1222 965 hostis
1248 909 1427 966 victor
1454 909 1719 967 intrave-·

254 1010 373 1060 rat,
402 991 556 1048 omni
587 988 819 1069 quidem
849 989 1137 1068 opulentia
1163 988 1542 1070 ditia.Ingens
1574 990 1695 1048 auri

258 1073 590 1153 argentique
637 1070 859 1150 pondus
899 1114 913 1139 ‚
958 1092 1071 1131 non
1113 1069 1285 1141 belli,
1326 1070 1421 1131 sed
1458 1066 1714 1131 luxuriat:¹

257 1173 587 1237 apparatum
602 1198 618 1223 ,
640 1153 985 1236 diripuerant
1010 1152 1242 1225 milites:
1263 1175 1552 1236 quumque
1571 1149 1706 1234 plus'

258 1257 483 1320 raperet
505 1281 521 1307 ,
555 1238 757 1317 passim
794 1235 959 1296 strata
996 1258 1150 1296 erant
1176 1241 1374 1298 itinera
1401 1236 1717 1298 vilioribus·

258 1321 485 1381 sarcinis
507 1365 523 1390 ,
563 1342 700 1401 quas
724 1320 778 1377 in
807 1321 1229 1401 comparatione
1257 1319 1551 1380 meliorum
1577 1341 1703 1397 ava<

259 1406 382 1485 ritia
429 1422 868 1482 contempserat.
914 1402 1151 1483 Jamque
1198 1403 1269 1462 ad
1307 1401 1536 1462 feminas
1578 1423 1710 1484 pere„

261 1507 493 1547 ventum
521 1506 672 1546 erat:
706 1484 910 1565 quibus
934 1529 947 1553 ‚
983 1488 1097 1565 quo
1133 1488 1347 1546 cariora
1369 1504 1710 1545 ornamenta.

260 1570 406 1638 sunt,
424 1568 722 1628 violentius
747 1566 1218 1627 detrahebantur:
1242 1590 1344 1628 nec
1363 1567 1700 1650 corporibus
1725 1610 1728 1616 ·

264 1652 494 1735 quidem
520 1653 603 1712 vis
627 1673 689 1711 ac
715 1648 894 1715 libido
921 1650 1209 1730 parcebat.
1238 1652 1448 1711 Omnia
1474 1650 1702 1730 planc‘tu

265 1734 631 1814 tumultuque
652 1777 666 1802 ,
693 1751 864 1815 prout
889 1735 1092 1813 cuique
1127 1731 1354 1796 fortuna
1388 1753 1506 1793 erat
1532 1777 1548 1802 ,
1594 1729 1704 1792 cas·

252 1839 351 1879 vtra
379 1816 773 1897 repleverant,
813 1837 917 1875 nec
957 1816 1067 1881 ulla
1107 1813 1275 1876 facies
1313 1815 1442 1874 mali
1471 1816 1698 1885 deerat,

267 1923 443 1984 quum
472 1921 573 1978 per
610 1920 803 1960 omnes
839 1898 1063 1958 ordines
1099 1919 1406 1980 aetatesque
1428 1943 1445 1968 ,
1479 1898 1704 1959 νίθῑοῑὶε

266 1981 572 2044 crudelitas
619 2004 682 2041 ac
724 1981 949 2040 licentia
992 2002 1312 2062 vagaretur.
1355 1981 1523 2040 Tunc
1568 1980 1704 2041 vero

265 2065 598 2146 impotentis
639 2063 880 2123 fortunae
923 2061 1131 2144 species
1177 2065 1431 2144 conspici
1467 2064 1703 2144 potuit:

270 2172 447 2230 quum
474 2148 545 2216 ii,
585 2148 682 2230 qui
717 2166 838 2205 tum
881 2145 1062 2207 Dario
1091 2147 1518 2207 tabernaculum
1547 2166 1704 2205 exor-

268 2249 541 2294 naverant
569 2274 583 2297 ,
638 2230 790 2289 omni
833 2228 969 2287 luxu
1028 2233 1087 2288 &
1148 2229 1436 2309 opulentia
1480 2227 1704 2288 instruc-

273 2337 392 2376 tum
419 2356 433 2382 ,
464 2311 659 2371 eadem
696 2311 787 2369 illa
815 2311 1149 2371 Alexandro
1172 2354 1186 2380 ,
1225 2312 1381 2390 quasi
1407 2313 1583 2371 veteri
1607 2309 1707 2370 do·

271 2400 425 2469 mino
451 2394 810 2453 reservabant
839 2414 851 2451 τ
889 2416 1130 2473 namque
1155 2393 1213 2452 id
1239 2393 1417 2453 solum
1438 2395 1704 2459 intafiurn

273 2485 576 2540 omiserant
604 2477 805 2536 milites
828 2519 840 2542 ‚
873 2479 950 2535 ita
984 2475 1191 2535 tradito
1220 2499 1375 2538 more
1402 2521 1416 2545 ,
1450 2496 1513 2535 ut
1537 2477 1707 2552 vicio-2

273 2585 390 2637 rem
418 2561 548 2625 viui
568 2558 742 2644 Regis
766 2559 1134 2620 tabernaculo
1167 2566 1515 2652 exciperent.

1544 2823 1712 2879 soldate
1736 2831 1739 2878 ἓ
