<?xml version="1.0" encoding="UTF-8"?>
<!DOCTYPE html PUBLIC "-//W3C//DTD XHTML 1.0 Transitional//EN"
    "http://www.w3.org/TR/xhtml1/DTD/xhtml1-transitional.dtd">
<html xmlns="http://www.w3.org/1999/xhtml" xml:lang="en" lang="en">
 <head>
  <title>
</title>
<meta http-equiv="Content-Type" content="text/html;charset=utf-8" />
  <meta name='ocr-system' content='tesseract 3.04.00' />
  <meta name='ocr-capabilities' content='ocr_page ocr_carea ocr_par ocr_line ocrx_word'/>
</head>
<body>
  <div class='ocr_page' id='page_1' title='image "./histoiredalexand01curt_0226.png"; bbox 0 0 1747 3063; ppageno 0'>
   <div class='ocr_carea' id='block_1_1' title="bbox 13 49 33 863">
    <p class='ocr_par' dir='ltr' id='par_1_1' title="bbox 13 49 33 863">
     <span class='ocr_line' id='line_1_1' title="bbox 13 49 33 863; baseline 0 0"><span class='ocrx_word' id='word_1_1' title='bbox 13 49 33 863; x_wconf 95' lang='lat' dir='ltr'> </span> 
     </span>
    </p>
   </div>
   <div class='ocr_carea' id='block_1_2' title="bbox 303 44 1478 106">
    <p class='ocr_par' dir='ltr' id='par_1_2' title="bbox 303 44 1478 106">
     <span class='ocr_line' id='line_1_2' title="bbox 303 44 1478 106; baseline 0 0"><span class='ocrx_word' id='word_1_2' title='bbox 303 55 406 106; x_wconf 78' lang='lat'>216</span> <span class='ocrx_word' id='word_1_3' title='bbox 615 44 1478 106; x_wconf 70' lang='lat' dir='ltr'>SUPPLEMENTs‘</span> 
     </span>
    </p>
   </div>
   <div class='ocr_carea' id='block_1_3' title="bbox 296 138 1747 1023">
    <p class='ocr_par' dir='ltr' id='par_1_3' title="bbox 296 138 1747 1023">
     <span class='ocr_line' id='line_1_3' title="bbox 305 138 1747 221; baseline 0.001 -20"><span class='ocrx_word' id='word_1_4' title='bbox 305 161 438 201; x_wconf 88' lang='lat' dir='ltr'>runt</span> <span class='ocrx_word' id='word_1_5' title='bbox 463 138 688 221; x_wconf 72' lang='lat' dir='ltr'>,seque</span> <span class='ocrx_word' id='word_1_6' title='bbox 717 144 776 200; x_wconf 87' lang='lat'>&amp;</span> <span class='ocrx_word' id='word_1_7' title='bbox 811 139 906 201; x_wconf 90' lang='lat' dir='ltr'>sua</span> <span class='ocrx_word' id='word_1_8' title='bbox 942 139 1214 201; x_wconf 80' lang='lat' dir='ltr'>dedentes</span> <span class='ocrx_word' id='word_1_9' title='bbox 1237 139 1574 202; x_wconf 81' lang='lat' dir='ltr'>Alexandro</span> <span class='ocrx_word' id='word_1_10' title='bbox 1598 159 1618 212; x_wconf 86' lang='lat'>3</span> <span class='ocrx_word' id='word_1_11' title='bbox 1651 150 1747 202; x_wconf 77' lang='lat' dir='ltr'>eos</span> 
     </span>
     <span class='ocr_line' id='line_1_4' title="bbox 303 221 1747 303; baseline 0 -19"><span class='ocrx_word' id='word_1_12' title='bbox 303 228 359 284; x_wconf 84' lang='lat' dir='ltr'>in</span> <span class='ocrx_word' id='word_1_13' title='bbox 382 222 555 283; x_wconf 85' lang='lat' dir='ltr'>fidem</span> <span class='ocrx_word' id='word_1_14' title='bbox 589 242 857 301; x_wconf 89' lang='lat' dir='ltr'>acceptos</span> <span class='ocrx_word' id='word_1_15' title='bbox 888 221 1115 281; x_wconf 89' lang='lat' dir='ltr'>domum</span> <span class='ocrx_word' id='word_1_16' title='bbox 1153 225 1398 283; x_wconf 77' lang='lat' dir='ltr'>remisit:</span> <span class='ocrx_word' id='word_1_17' title='bbox 1433 222 1747 303; x_wconf 88' lang='lat' dir='ltr'>Zelitisque</span> 
     </span>
     <span class='ocr_line' id='line_1_5' title="bbox 301 304 1747 386; baseline 0.001 -23"><span class='ocrx_word' id='word_1_18' title='bbox 301 307 561 386; x_wconf 81' lang='lat' dir='ltr'>ignovit,</span> <span class='ocrx_word' id='word_1_19' title='bbox 595 325 739 383; x_wconf 85' lang='lat' dir='ltr'>quos</span> <span class='ocrx_word' id='word_1_20' title='bbox 760 326 789 361; x_wconf 88' lang='lat' dir='ltr'>a</span> <span class='ocrx_word' id='word_1_21' title='bbox 814 304 1008 362; x_wconf 90' lang='lat' dir='ltr'>Persis</span> <span class='ocrx_word' id='word_1_22' title='bbox 1023 306 1248 364; x_wconf 55' lang='lat' dir='ltr'>coactos</span> <span class='ocrx_word' id='word_1_23' title='bbox 1274 304 1575 366; x_wconf 73' lang='lat' dir='ltr'>adversus&#39;</span> <span class='ocrx_word' id='word_1_24' title='bbox 1564 325 1747 385; x_wconf 87' lang='lat' dir='ltr'>1psurn</span> 
     </span>
     <span class='ocr_line' id='line_1_6' title="bbox 303 384 1747 465; baseline 0 -19"><span class='ocrx_word' id='word_1_25' title='bbox 303 388 566 446; x_wconf 76' lang='lat' dir='ltr'>militasse</span> <span class='ocrx_word' id='word_1_26' title='bbox 592 404 966 465; x_wconf 85' lang='lat' dir='ltr'>cognoverat.</span> <span class='ocrx_word' id='word_1_27' title='bbox 1000 384 1312 446; x_wconf 88' lang='lat' dir='ltr'>Tributum</span> <span class='ocrx_word' id='word_1_28' title='bbox 1341 387 1646 447; x_wconf 91' lang='lat' dir='ltr'>omnibus</span> <span class='ocrx_word' id='word_1_29' title='bbox 1634 406 1747 446; x_wconf 81' lang='lat' dir='ltr'>im-</span> 
     </span>
     <span class='ocr_line' id='line_1_7' title="bbox 301 454 1747 549; baseline 0 -22"><span class='ocrx_word' id='word_1_30' title='bbox 301 473 549 549; x_wconf 84' lang='lat' dir='ltr'>positum</span> <span class='ocrx_word' id='word_1_31' title='bbox 582 464 696 535; x_wconf 91' lang='lat' dir='ltr'>est,</span> <span class='ocrx_word' id='word_1_32' title='bbox 734 467 892 547; x_wconf 89' lang='lat' dir='ltr'>quod</span> <span class='ocrx_word' id='word_1_33' title='bbox 925 466 1107 526; x_wconf 92' lang='lat' dir='ltr'>Dario</span> <span class='ocrx_word' id='word_1_34' title='bbox 1139 467 1384 548; x_wconf 91' lang='lat' dir='ltr'>pendere</span> <span class='ocrx_word' id='word_1_35' title='bbox 1422 454 1747 528; x_wconf 54' lang='lat' dir='ltr'>consuevis-&#39;ss</span> 
     </span>
     <span class='ocr_line' id='line_1_8' title="bbox 300 547 1745 630; baseline 0.001 -21"><span class='ocrx_word' id='word_1_36' title='bbox 300 550 419 609; x_wconf 85' lang='lat' dir='ltr'>sent</span> <span class='ocrx_word' id='word_1_37' title='bbox 444 593 460 619; x_wconf 91' lang='lat'>,</span> <span class='ocrx_word' id='word_1_38' title='bbox 496 548 667 622; x_wconf 80' lang='lat' dir='ltr'>idque</span> <span class='ocrx_word' id='word_1_39' title='bbox 688 547 878 629; x_wconf 90' lang='lat' dir='ltr'>postea</span> <span class='ocrx_word' id='word_1_40' title='bbox 911 548 1229 609; x_wconf 85' lang='lat' dir='ltr'>constanter</span> <span class='ocrx_word' id='word_1_41' title='bbox 1257 549 1532 619; x_wconf 88' lang='lat' dir='ltr'>servavit,</span> <span class='ocrx_word' id='word_1_42' title='bbox 1570 571 1745 630; x_wconf 89' lang='lat' dir='ltr'>quum</span> 
     </span>
     <span class='ocr_line' id='line_1_9' title="bbox 301 630 1747 712; baseline -0.001 -21"><span class='ocrx_word' id='word_1_43' title='bbox 301 652 516 692; x_wconf 89' lang='lat' dir='ltr'>ceteras</span> <span class='ocrx_word' id='word_1_44' title='bbox 554 630 708 691; x_wconf 87' lang='lat' dir='ltr'>Asiae</span> <span class='ocrx_word' id='word_1_45' title='bbox 741 633 1000 711; x_wconf 85' lang='lat' dir='ltr'>regiones</span> <span class='ocrx_word' id='word_1_46' title='bbox 1027 630 1333 712; x_wconf 84' lang='lat' dir='ltr'>subigeret.</span> <span class='ocrx_word' id='word_1_47' title='bbox 1357 632 1549 692; x_wconf 89' lang='lat' dir='ltr'>Omne</span> <span class='ocrx_word' id='word_1_48' title='bbox 1574 652 1747 712; x_wconf 90' lang='lat' dir='ltr'>pere-</span> 
     </span>
     <span class='ocr_line' id='line_1_10' title="bbox 300 713 1745 808; baseline 0 -36"><span class='ocrx_word' id='word_1_49' title='bbox 300 714 523 795; x_wconf 86' lang='lat' dir='ltr'>grinum</span> <span class='ocrx_word' id='word_1_50' title='bbox 549 713 843 806; x_wconf 81' lang='lat' dir='ltr'>imperium</span> <span class='ocrx_word' id='word_1_51' title='bbox 883 713 1109 775; x_wconf 73' lang='lat' dir='ltr'>invidiae</span> <span class='ocrx_word' id='word_1_52' title='bbox 1134 713 1439 808; x_wconf 66' lang='lat' dir='ltr'>subjecium</span> <span class='ocrx_word' id='word_1_53' title='bbox 1475 735 1593 773; x_wconf 89' lang='lat' dir='ltr'>esse</span> <span class='ocrx_word' id='word_1_54' title='bbox 1632 733 1745 771; x_wconf 91' lang='lat' dir='ltr'>no-</span> 
     </span>
     <span class='ocr_line' id='line_1_11' title="bbox 300 793 1742 875; baseline -0.001 -20"><span class='ocrx_word' id='word_1_55' title='bbox 300 816 498 865; x_wconf 79' lang='lat' dir='ltr'>verat,</span> <span class='ocrx_word' id='word_1_56' title='bbox 539 798 704 855; x_wconf 88' lang='lat' dir='ltr'>etiam</span> <span class='ocrx_word' id='word_1_57' title='bbox 744 817 917 875; x_wconf 89' lang='lat' dir='ltr'>quum</span> <span class='ocrx_word' id='word_1_58' title='bbox 955 795 1265 856; x_wconf 86' lang='lat' dir='ltr'>domestico</span> <span class='ocrx_word' id='word_1_59' title='bbox 1303 796 1487 856; x_wconf 89' lang='lat' dir='ltr'>mitius</span> <span class='ocrx_word' id='word_1_60' title='bbox 1527 793 1645 866; x_wconf 68' lang='lat' dir='ltr'>est,</span> <span class='ocrx_word' id='word_1_61' title='bbox 1683 811 1742 854; x_wconf 87' lang='lat' dir='ltr'>at</span> 
     </span>
     <span class='ocr_line' id='line_1_12' title="bbox 298 876 1747 948; baseline -0.001 -11"><span class='ocrx_word' id='word_1_62' title='bbox 298 880 343 937; x_wconf 84' lang='lat' dir='ltr'>si</span> <span class='ocrx_word' id='word_1_63' title='bbox 367 902 400 938; x_wconf 80' lang='lat' dir='ltr'><strong>v</strong></span> <span class='ocrx_word' id='word_1_64' title='bbox 408 898 558 938; x_wconf 88' lang='lat' dir='ltr'>etera</span> <span class='ocrx_word' id='word_1_65' title='bbox 583 876 936 937; x_wconf 83' lang='lat' dir='ltr'>subditorum</span> <span class='ocrx_word' id='word_1_66' title='bbox 964 900 1134 940; x_wconf 86' lang='lat' dir='ltr'>onera</span> <span class='ocrx_word' id='word_1_67' title='bbox 1158 883 1318 940; x_wconf 87' lang='lat' dir='ltr'>novis</span> <span class='ocrx_word' id='word_1_68' title='bbox 1341 877 1702 939; x_wconf 86' lang='lat' dir='ltr'>cumulentur</span> <span class='ocrx_word' id='word_1_69' title='bbox 1718 903 1747 948; x_wconf 44' lang='lat'>,¹</span> 
     </span>
     <span class='ocr_line' id='line_1_13' title="bbox 296 958 961 1023; baseline 0 -1"><span class='ocrx_word' id='word_1_70' title='bbox 296 959 712 1022; x_wconf 71' lang='lat' dir='ltr'>¹intolerandum</span> <span class='ocrx_word' id='word_1_71' title='bbox 747 958 961 1023; x_wconf 74' lang='lat' dir='ltr'>haberi,</span> 
     </span>
    </p>
   </div>
   <div class='ocr_carea' id='block_1_4' title="bbox 1709 911 1747 3063">
    <p class='ocr_par' dir='ltr' id='par_1_4' title="bbox 1709 911 1747 3063">
     <span class='ocr_line' id='line_1_14' title="bbox 1736 911 1747 1246; baseline 0 0"><span class='ocrx_word' id='word_1_72' title='bbox 1736 911 1747 1246; x_wconf 95' lang='lat' dir='ltr'>   </span> 
     </span>
     <span class='ocr_line' id='line_1_15' title="bbox 1720 1326 1747 1818; baseline 0 -415"><span class='ocrx_word' id='word_1_73' title='bbox 1720 1326 1747 1818; x_wconf 95' lang='lat' dir='ltr'>      </span> 
     </span>
     <span class='ocr_line' id='line_1_16' title="bbox 1709 1818 1747 3063; baseline 0 0"><span class='ocrx_word' id='word_1_74' title='bbox 1709 1818 1747 3063; x_wconf 95' lang='lat' dir='ltr'>   </span> 
     </span>
    </p>
   </div>
   <div class='ocr_carea' id='block_1_5' title="bbox 291 1119 1736 2352">
    <p class='ocr_par' dir='ltr' id='par_1_5' title="bbox 291 1119 1736 2352">
     <span class='ocr_line' id='line_1_17' title="bbox 377 1119 1736 1219; baseline 0.001 -40"><span class='ocrx_word' id='word_1_75' title='bbox 377 1119 563 1203; x_wconf 83' lang='lat' dir='ltr'>Igitur</span> <span class='ocrx_word' id='word_1_76' title='bbox 588 1122 842 1183; x_wconf 89' lang='lat' dir='ltr'>monenti</span> <span class='ocrx_word' id='word_1_77' title='bbox 871 1121 1091 1183; x_wconf 88' lang='lat' dir='ltr'>cuidam</span> <span class='ocrx_word' id='word_1_78' title='bbox 1115 1120 1259 1219; x_wconf 66' lang='lat' dir='ltr'>longe}</span> <span class='ocrx_word' id='word_1_79' title='bbox 1276 1121 1395 1203; x_wconf 73' lang='lat' dir='ltr'>plns</span> <span class='ocrx_word' id='word_1_80' title='bbox 1422 1120 1736 1180; x_wconf 78' lang='lat' dir='ltr'>tributorum</span> 
     </span>
     <span class='ocr_line' id='line_1_18' title="bbox 297 1202 1733 1285; baseline 0.003 -25"><span class='ocrx_word' id='word_1_81' title='bbox 297 1226 362 1260; x_wconf 95' lang='grc'>726</span> <span class='ocrx_word' id='word_1_82' title='bbox 367 1207 735 1283; x_wconf 58' lang='lat' dir='ltr'>ngdllnmqlie</span> <span class='ocrx_word' id='word_1_83' title='bbox 761 1227 821 1261; x_wconf 70' lang='lat' dir='ltr'>ex</span> <span class='ocrx_word' id='word_1_84' title='bbox 845 1222 988 1261; x_wconf 63' lang='lat' dir='ltr'><em>tanto</em></span> <span class='ocrx_word' id='word_1_85' title='bbox 1012 1208 1228 1282; x_wconf 62' lang='lat' dir='ltr'>i&#39;sllpe‘l‘lo</span> <span class='ocrx_word' id='word_1_86' title='bbox 1251 1202 1416 1285; x_wconf 73' lang='lat' dir='ltr'>Yedlffl</span> <span class='ocrx_word' id='word_1_87' title='bbox 1431 1203 1733 1285; x_wconf 70' lang='lat' dir='ltr'>p055891‘es·</span> 
     </span>
     <span class='ocr_line' id='line_1_19' title="bbox 294 1285 1731 1366; baseline -0.001 -20"><span class='ocrx_word' id='word_1_88' title='bbox 294 1285 542 1366; x_wconf 79' lang='lat' dir='ltr'>pondit,</span> <span class='ocrx_word' id='word_1_89' title='bbox 584 1289 742 1343; x_wconf 72' lang='lat' dir='ltr'>etiam</span> <span class='ocrx_word' id='word_1_90' title='bbox 781 1288 929 1342; x_wconf 75' lang='lat' dir='ltr'>olttm</span> <span class='ocrx_word' id='word_1_91' title='bbox 934 1308 1012 1342; x_wconf 83' lang='lat' dir='ltr'>em</span> <span class='ocrx_word' id='word_1_92' title='bbox 1042 1289 1096 1363; x_wconf 57' lang='grc' dir='ltr'>β’</span> <span class='ocrx_word' id='word_1_93' title='bbox 1131 1285 1327 1355; x_wconf 81' lang='lat' dir='ltr'>odisse,</span> <span class='ocrx_word' id='word_1_94' title='bbox 1373 1289 1464 1364; x_wconf 76' lang='lat' dir='ltr'>qui</span> <span class='ocrx_word' id='word_1_95' title='bbox 1487 1285 1731 1344; x_wconf 73' lang='lat' dir='ltr'>radicitus</span> 
     </span>
     <span class='ocr_line' id='line_1_20' title="bbox 299 1366 1728 1451; baseline 0.004 -28"><span class='ocrx_word' id='word_1_96' title='bbox 299 1391 343 1423; x_wconf 80' lang='lat' dir='ltr'>e:-</span> <span class='ocrx_word' id='word_1_97' title='bbox 341 1366 608 1442; x_wconf 77' lang='lat' dir='ltr'>scinderet</span> <span class='ocrx_word' id='word_1_98' title='bbox 629 1370 805 1438; x_wconf 79' lang='lat' dir='ltr'>olem,</span> <span class='ocrx_word' id='word_1_99' title='bbox 839 1390 943 1447; x_wconf 65' lang='lat' dir='ltr'>qnae</span> <span class='ocrx_word' id='word_1_100' title='bbox 969 1387 1175 1451; x_wconf 67' lang='lat' dir='ltr'>carvere</span> <span class='ocrx_word' id='word_1_101' title='bbox 1196 1366 1466 1427; x_wconf 73' lang='lat' dir='ltr'>debuisset.</span> <span class='ocrx_word' id='word_1_102' title='bbox 1500 1367 1728 1450; x_wconf 82' lang='lat' dir='ltr'>Dascy-</span> 
     </span>
     <span class='ocr_line' id='line_1_21' title="bbox 295 1425 1726 1531; baseline 0.001 -23"><span class='ocrx_word' id='word_1_103' title='bbox 295 1450 444 1509; x_wconf 79' lang='lat' dir='ltr'>ieum</span> <span class='ocrx_word' id='word_1_104' title='bbox 478 1449 740 1531; x_wconf 86' lang='lat' dir='ltr'>praesidio</span> <span class='ocrx_word' id='word_1_105' title='bbox 767 1425 1072 1511; x_wconf 79' lang='lat' dir='ltr'>Persarum</span> <span class='ocrx_word' id='word_1_106' title='bbox 1087 1455 1265 1512; x_wconf 89' lang='lat' dir='ltr'>teneri</span> <span class='ocrx_word' id='word_1_107' title='bbox 1291 1448 1622 1511; x_wconf 86' lang='lat' dir='ltr'>audiverat·</span> <span class='ocrx_word' id='word_1_108' title='bbox 1607 1490 1625 1522; x_wconf 93' lang='lat'>,</span> <span class='ocrx_word' id='word_1_109' title='bbox 1669 1451 1726 1510; x_wconf 65' lang='lat' dir='ltr'>ec</span> 
     </span>
     <span class='ocr_line' id='line_1_22' title="bbox 297 1530 1723 1614; baseline 0.002 -24"><span class='ocrx_word' id='word_1_110' title='bbox 297 1533 722 1592; x_wconf 71' lang='lat' dir='ltr'>Parmenionem</span> <span class='ocrx_word' id='word_1_111' title='bbox 747 1534 929 1602; x_wconf 86' lang='lat' dir='ltr'>misit,</span> <span class='ocrx_word' id='word_1_112' title='bbox 964 1555 1132 1613; x_wconf 84' lang='lat' dir='ltr'>quem</span> <span class='ocrx_word' id='word_1_113' title='bbox 1157 1532 1429 1614; x_wconf 81' lang='lat' dir='ltr'>oppidani</span> <span class='ocrx_word' id='word_1_114' title='bbox 1453 1530 1631 1592; x_wconf 88' lang='lat' dir='ltr'>statim</span> <span class='ocrx_word' id='word_1_115' title='bbox 1652 1554 1723 1593; x_wconf 90' lang='lat' dir='ltr'>re·</span> 
     </span>
     <span class='ocr_line' id='line_1_23' title="bbox 296 1576 1711 1695; baseline 0 -21"><span class='ocrx_word' id='word_1_116' title='bbox 296 1635 603 1695; x_wconf 86' lang='lat' dir='ltr'>ceperuut,</span> <span class='ocrx_word' id='word_1_117' title='bbox 632 1636 806 1695; x_wconf 86' lang='lat' dir='ltr'>quum</span> <span class='ocrx_word' id='word_1_118' title='bbox 834 1576 1028 1674; x_wconf 84' lang='lat' dir='ltr'>audito</span> <span class='ocrx_word' id='word_1_119' title='bbox 1054 1614 1441 1675; x_wconf 83' lang='lat' dir='ltr'>Macedonum</span> <span class='ocrx_word' id='word_1_120' title='bbox 1464 1614 1711 1676; x_wconf 87' lang='lat' dir='ltr'>adventu</span> 
     </span>
     <span class='ocr_line' id='line_1_24' title="bbox 295 1697 1718 1777; baseline -0.001 -19"><span class='ocrx_word' id='word_1_121' title='bbox 295 1698 476 1759; x_wconf 86' lang='lat' dir='ltr'>Persae</span> <span class='ocrx_word' id='word_1_122' title='bbox 504 1698 869 1757; x_wconf 78' lang='lat' dir='ltr'>excessissent</span> <span class='ocrx_word' id='word_1_123' title='bbox 894 1718 906 1755; x_wconf 92' lang='lat'>:</span> <span class='ocrx_word' id='word_1_124' title='bbox 940 1699 1057 1777; x_wconf 88' lang='lat' dir='ltr'>ipse</span> <span class='ocrx_word' id='word_1_125' title='bbox 1081 1697 1284 1757; x_wconf 90' lang='lat' dir='ltr'>Sardes</span> <span class='ocrx_word' id='word_1_126' title='bbox 1305 1697 1579 1777; x_wconf 86' lang='lat' dir='ltr'>processit</span> <span class='ocrx_word' id='word_1_127' title='bbox 1595 1739 1611 1765; x_wconf 92' lang='lat'>,</span> <span class='ocrx_word' id='word_1_128' title='bbox 1635 1720 1718 1757; x_wconf 91' lang='lat' dir='ltr'>ca-</span> 
     </span>
     <span class='ocr_line' id='line_1_25' title="bbox 294 1777 1715 1859; baseline 0.001 -22"><span class='ocrx_word' id='word_1_129' title='bbox 294 1799 398 1859; x_wconf 86' lang='lat' dir='ltr'>put</span> <span class='ocrx_word' id='word_1_130' title='bbox 423 1785 672 1838; x_wconf 86' lang='lat' dir='ltr'>omnium</span> <span class='ocrx_word' id='word_1_131' title='bbox 701 1800 826 1859; x_wconf 82' lang='lat' dir='ltr'>quae</span> <span class='ocrx_word' id='word_1_132' title='bbox 853 1777 1124 1858; x_wconf 62' lang='lat' dir='ltr'>praefeciis</span> <span class='ocrx_word' id='word_1_133' title='bbox 1143 1801 1253 1838; x_wconf 83' lang='lat' dir='ltr'>orae</span> <span class='ocrx_word' id='word_1_134' title='bbox 1284 1780 1573 1843; x_wconf 83' lang='lat' dir='ltr'>maritimae</span> <span class='ocrx_word' id='word_1_135' title='bbox 1595 1779 1715 1838; x_wconf 91' lang='lat' dir='ltr'>Per·</span> 
     </span>
     <span class='ocr_line' id='line_1_26' title="bbox 293 1859 1714 1941; baseline 0.001 -22"><span class='ocrx_word' id='word_1_136' title='bbox 293 1883 479 1919; x_wconf 75' lang='lat' dir='ltr'>sarum</span> <span class='ocrx_word' id='word_1_137' title='bbox 520 1859 704 1940; x_wconf 80' lang='lat' dir='ltr'>Reges</span> <span class='ocrx_word' id='word_1_138' title='bbox 744 1882 938 1939; x_wconf 89' lang='lat' dir='ltr'>parere</span> <span class='ocrx_word' id='word_1_139' title='bbox 975 1865 1267 1940; x_wconf 83' lang='lat' dir='ltr'>jusserant.</span> <span class='ocrx_word' id='word_1_140' title='bbox 1300 1862 1538 1941; x_wconf 83' lang='lat' dir='ltr'>Jamque</span> <span class='ocrx_word' id='word_1_141' title='bbox 1581 1861 1714 1921; x_wconf 76' lang='lat' dir='ltr'>haut</span> 
     </span>
     <span class='ocr_line' id='line_1_27' title="bbox 294 1941 1690 2023; baseline 0 -21"><span class='ocrx_word' id='word_1_142' title='bbox 294 1942 530 2022; x_wconf 72' lang='lat' dir='ltr'>amplius</span> <span class='ocrx_word' id='word_1_143' title='bbox 571 1941 923 2023; x_wconf 83' lang='lat' dir='ltr'>septuaginta</span> <span class='ocrx_word' id='word_1_144' title='bbox 968 1942 1155 2004; x_wconf 85' lang='lat' dir='ltr'>stadiis</span> <span class='ocrx_word' id='word_1_145' title='bbox 1202 1943 1271 2002; x_wconf 88' lang='lat' dir='ltr'>ab</span> <span class='ocrx_word' id='word_1_146' title='bbox 1318 1943 1455 2001; x_wconf 86' lang='lat' dir='ltr'>urbe</span> <span class='ocrx_word' id='word_1_147' title='bbox 1496 1942 1690 2002; x_wconf 89' lang='lat' dir='ltr'>aberat</span> 
     </span>
     <span class='ocr_line' id='line_1_28' title="bbox 294 2023 1712 2105; baseline 0.001 -23"><span class='ocrx_word' id='word_1_148' title='bbox 294 2047 468 2105; x_wconf 88' lang='lat' dir='ltr'>quum</span> <span class='ocrx_word' id='word_1_149' title='bbox 508 2023 579 2082; x_wconf 89' lang='lat' dir='ltr'>ad</span> <span class='ocrx_word' id='word_1_150' title='bbox 613 2046 738 2083; x_wconf 89' lang='lat' dir='ltr'>eum</span> <span class='ocrx_word' id='word_1_151' title='bbox 787 2024 1101 2085; x_wconf 87' lang='lat' dir='ltr'>Mithrenes</span> <span class='ocrx_word' id='word_1_152' title='bbox 1135 2026 1325 2093; x_wconf 84' lang='lat' dir='ltr'>venit,</span> <span class='ocrx_word' id='word_1_153' title='bbox 1369 2025 1460 2083; x_wconf 92' lang='lat' dir='ltr'>cui</span> <span class='ocrx_word' id='word_1_154' title='bbox 1493 2024 1712 2084; x_wconf 83' lang='lat' dir='ltr'>tutelan</span> 
     </span>
     <span class='ocr_line' id='line_1_29' title="bbox 293 2105 1710 2186; baseline -0.001 -20"><span class='ocrx_word' id='word_1_155' title='bbox 293 2110 435 2166; x_wconf 86' lang='lat' dir='ltr'>arcis</span> <span class='ocrx_word' id='word_1_156' title='bbox 466 2105 747 2167; x_wconf 83' lang='lat' dir='ltr'>Sardianae</span> <span class='ocrx_word' id='word_1_157' title='bbox 786 2106 996 2166; x_wconf 86' lang='lat' dir='ltr'>Darius</span> <span class='ocrx_word' id='word_1_158' title='bbox 1035 2106 1386 2176; x_wconf 83' lang='lat' dir='ltr'>crediderat,</span> <span class='ocrx_word' id='word_1_159' title='bbox 1426 2128 1552 2165; x_wconf 90' lang='lat' dir='ltr'>cum</span> <span class='ocrx_word' id='word_1_160' title='bbox 1579 2107 1710 2186; x_wconf 91' lang='lat' dir='ltr'>prin·</span> 
     </span>
     <span class='ocr_line' id='line_1_30' title="bbox 292 2186 1708 2268; baseline -0.001 -19"><span class='ocrx_word' id='word_1_161' title='bbox 292 2187 510 2268; x_wconf 87' lang='lat' dir='ltr'>cipibus</span> <span class='ocrx_word' id='word_1_162' title='bbox 554 2186 953 2247; x_wconf 83' lang='lat' dir='ltr'>Sardianorum</span> <span class='ocrx_word' id='word_1_163' title='bbox 994 2231 1011 2257; x_wconf 95' lang='lat'>,</span> <span class='ocrx_word' id='word_1_164' title='bbox 1057 2189 1253 2248; x_wconf 88' lang='lat' dir='ltr'>urbem</span> <span class='ocrx_word' id='word_1_165' title='bbox 1292 2209 1589 2267; x_wconf 87' lang='lat' dir='ltr'>arcemque</span> <span class='ocrx_word' id='word_1_166' title='bbox 1614 2231 1630 2256; x_wconf 89' lang='lat'>,</span> <span class='ocrx_word' id='word_1_167' title='bbox 1669 2191 1708 2248; x_wconf 77' lang='grc' dir='ltr'>ὅ</span> 
     </span>
     <span class='ocr_line' id='line_1_31' title="bbox 291 2269 1707 2352; baseline -0.001 -22"><span class='ocrx_word' id='word_1_168' title='bbox 291 2274 590 2350; x_wconf 84' lang='lat' dir='ltr'>pecuniam</span> <span class='ocrx_word' id='word_1_169' title='bbox 628 2290 752 2352; x_wconf 88' lang='lat' dir='ltr'>quae</span> <span class='ocrx_word' id='word_1_170' title='bbox 785 2272 839 2329; x_wconf 90' lang='lat' dir='ltr'>in</span> <span class='ocrx_word' id='word_1_171' title='bbox 879 2293 941 2330; x_wconf 87' lang='lat' dir='ltr'>ea</span> <span class='ocrx_word' id='word_1_172' title='bbox 974 2269 1397 2331; x_wconf 86' lang='lat' dir='ltr'>custodiebatur</span> <span class='ocrx_word' id='word_1_173' title='bbox 1426 2314 1442 2341; x_wconf 90' lang='lat'>,</span> <span class='ocrx_word' id='word_1_174' title='bbox 1488 2269 1707 2329; x_wconf 88' lang='lat' dir='ltr'>traditu·</span> 
     </span>
    </p>
   </div>
   <div class='ocr_carea' id='block_1_6' title="bbox 292 2374 1729 2526">
    <p class='ocr_par' dir='ltr' id='par_1_6' title="bbox 292 2374 1729 2512">
     <span class='ocr_line' id='line_1_32' title="bbox 292 2374 1729 2415; baseline -0.003 -2"><span class='ocrx_word' id='word_1_175' title='bbox 292 2374 408 2415; x_wconf 80' lang='lat' dir='ltr'>rus.</span> <span class='ocrx_word' id='word_1_176' title='bbox 1726 2402 1729 2414; x_wconf 69' lang='grc'>,,</span> 
     </span>
     <span class='ocr_line' id='line_1_33' title="bbox 375 2430 1727 2526; baseline 0.001 -36"><span class='ocrx_word' id='word_1_177' title='bbox 375 2434 601 2507; x_wconf 88' lang='lat' dir='ltr'>Quibus</span> <span class='ocrx_word' id='word_1_178' title='bbox 624 2431 868 2512; x_wconf 84' lang='lat' dir='ltr'>benigne</span> <span class='ocrx_word' id='word_1_179' title='bbox 894 2434 1181 2526; x_wconf 81' lang='lat' dir='ltr'>exceptis,</span> <span class='ocrx_word' id='word_1_180' title='bbox 1216 2432 1288 2492; x_wconf 90' lang='lat' dir='ltr'>ad</span> <span class='ocrx_word' id='word_1_181' title='bbox 1313 2433 1592 2492; x_wconf 87' lang='lat' dir='ltr'>Hermum</span> <span class='ocrx_word' id='word_1_182' title='bbox 1612 2430 1704 2492; x_wconf 87' lang='lat' dir='ltr'>flu·</span> <span class='ocrx_word' id='word_1_183' title='bbox 1723 2440 1727 2483; x_wconf 70' lang='grc' dir='ltr'>’ἲ</span> 
     </span>
    </p>
   </div>
   <div class='ocr_carea' id='block_1_7' title="bbox 288 2512 1725 2762">
    <p class='ocr_par' dir='ltr' id='par_1_7' title="bbox 288 2512 1725 2761">
     <span class='ocr_line' id='line_1_34' title="bbox 288 2512 1725 2594; baseline -0.004 -17"><span class='ocrx_word' id='word_1_184' title='bbox 288 2518 447 2578; x_wconf 79' lang='lat' dir='ltr'>vium</span> <span class='ocrx_word' id='word_1_185' title='bbox 472 2512 870 2594; x_wconf 85' lang='lat' dir='ltr'>progreditur,</span> <span class='ocrx_word' id='word_1_186' title='bbox 906 2515 1107 2594; x_wconf 89' lang='lat' dir='ltr'>viginti</span> <span class='ocrx_word' id='word_1_187' title='bbox 1129 2513 1244 2576; x_wconf 87' lang='lat' dir='ltr'>fere</span> <span class='ocrx_word' id='word_1_188' title='bbox 1269 2513 1450 2574; x_wconf 88' lang='lat' dir='ltr'>stadiis</span> <span class='ocrx_word' id='word_1_189' title='bbox 1477 2516 1546 2573; x_wconf 90' lang='lat' dir='ltr'>ab</span> <span class='ocrx_word' id='word_1_190' title='bbox 1586 2514 1725 2574; x_wconf 55' lang='lat' dir='ltr'>urbe*</span> 
     </span>
     <span class='ocr_line' id='line_1_35' title="bbox 291 2593 1696 2680; baseline -0.002 -23"><span class='ocrx_word' id='word_1_191' title='bbox 291 2596 624 2658; x_wconf 87' lang='lat' dir='ltr'>distantem:</span> <span class='ocrx_word' id='word_1_192' title='bbox 662 2593 754 2653; x_wconf 91' lang='lat' dir='ltr'>Ibi</span> <span class='ocrx_word' id='word_1_193' title='bbox 781 2593 965 2654; x_wconf 82' lang='lat' dir='ltr'>castris</span> <span class='ocrx_word' id='word_1_194' title='bbox 989 2598 1222 2676; x_wconf 88' lang='lat' dir='ltr'>positis,</span> <span class='ocrx_word' id='word_1_195' title='bbox 1262 2597 1576 2680; x_wconf 89' lang='lat' dir='ltr'>Amyntam</span> <span class='ocrx_word' id='word_1_196' title='bbox 1598 2597 1696 2655; x_wconf 86' lang='lat' dir='ltr'>An</span> 
     </span>
     <span class='ocr_line' id='line_1_36' title="bbox 292 2675 1715 2762; baseline -0.007 -17"><span class='ocrx_word' id='word_1_197' title='bbox 292 2679 590 2746; x_wconf 79' lang='lat' dir='ltr'>dromenis</span> <span class='ocrx_word' id='word_1_198' title='bbox 612 2675 791 2740; x_wconf 88' lang='lat' dir='ltr'>filium</span> <span class='ocrx_word' id='word_1_199' title='bbox 839 2675 912 2739; x_wconf 85' lang='lat' dir='ltr'>ad</span> <span class='ocrx_word' id='word_1_200' title='bbox 948 2678 1327 2761; x_wconf 87' lang='lat' dir='ltr'>recipiendam</span> <span class='ocrx_word' id='word_1_201' title='bbox 1361 2700 1546 2740; x_wconf 85' lang='lat' dir='ltr'>arcem</span> <span class='ocrx_word' id='word_1_202' title='bbox 1585 2695 1715 2762; x_wconf 88' lang='lat' dir='ltr'>prae</span> 
     </span>
    </p>
   </div>
   <div class='ocr_carea' id='block_1_8' title="bbox 1596 2795 1711 2835">
    <p class='ocr_par' dir='ltr' id='par_1_8' title="bbox 1596 2795 1711 2835">
     <span class='ocr_line' id='line_1_37' title="bbox 1596 2795 1711 2835; baseline -0.049 0"><span class='ocrx_word' id='word_1_203' title='bbox 1596 2796 1645 2835; x_wconf 73' lang='lat' dir='ltr'>ss]</span> <span class='ocrx_word' id='word_1_204' title='bbox 1652 2795 1711 2831; x_wconf 85' lang='lat'>01</span> 
     </span>
    </p>
   </div>
  </div>
 </body>
</html>
