1747 3063
218 53 481 108 LIVRE
518 55 619 107 JV.
658 53 1123 105 cJ-JAPJTRE
1173 57 1284 109 IX.
1380 73 1482 127 455

46 143 351 226 p-raemisit:
389 143 549 222 cujus
573 140 812 200 altitudo
853 141 1033 225 primo
1065 142 1271 203 summa
1308 165 1482 224 equo-

12 241 14 243 ·
45 246 169 285 rum
195 224 419 304 pediora
439 246 458 298 3
482 245 613 282 mox
630 267 644 292 ,
674 243 735 281 ut
756 224 810 283 in
831 221 1080 283 medium
1102 223 1322 285 alveum
1345 248 1479 285 ven-

26 324 166 386 ¹turn
193 304 303 374 est,
340 307 589 370 cervices
623 326 851 385 quoque
888 306 1165 384 aequabat.
1199 307 1324 367 Nec
1349 306 1488 367 sane'

26 387 182 464 {alius
206 387 276 448 ad
310 388 564 461 Orientis
586 387 806 467 plagam
828 406 942 445 tam
966 386 1247 448 violentus
1268 390 1478 448 invehi-

9 488 175 538 „tur3
210 469 517 529 multorum
544 470 877 528 torrentium
912 487 1025 526 non
1052 491 1222 549 aquas
1256 470 1479 541 solum,

32 548 141 611 ,sed
166 553 332 610 etiam
362 552 489 610 saxa
522 549 708 616 secum
751 550 993 609 trahens,
1031 548 1234 632 Itaque
1260 577 1290 614 a
1329 552 1480 613 cele-

30 632 209 695 ³ritate
235 676 251 700 ,
292 655 401 712 qua
448 631 642 700 defluit
680 675 697 701 ‚
753 631 918 713 Tigri
969 643 1189 695 nomen*
1215 634 1291 694 est
1329 634 1478 695 indi-

45 731 168 773 tum
194 733 207 770 ε
249 717 378 793 quia
400 715 620 775 Persica
645 714 833 796 lingua
857 713 1078 795 Tigrim
1103 712 1357 794 sagittam
1383 739 1482 797 ap<

44 793 280 876 pellant.
502 856 508 861 „

131 874 319 956 Igitur
342 873 515 956 pedes
535 921 550 946 ,
583 876 742 938 velut
769 875 977 938 divisus
1011 878 1065 936 in
1094 897 1304 937 cornua
1328 920 1342 946 ,
1369 877 1479 936 cir·-

11 967 23 980 ‘
43 957 315 1017 cumdato
338 961 591 1038 equitatu
614 1003 630 1029 ,
657 959 853 1018 levatis
879 958 1049 1039 super
1069 960 1249 1038 capita
1272 962 1434 1018 armis
1455 1002 1476 1028 ,

43 1037 194 1097 haud
220 1061 365 1120 aegre
390 1040 461 1099 ad
494 1042 676 1120 ipsum
709 1041 931 1107 alveum
957 1059 1232 1121 penetrat.
1257 1039 1474 1100 Primus

45 1125 190 1180 inter
229 1121 446 1200 pedites
483 1144 582 1182 rex
624 1144 874 1202 egressus
909 1128 965 1182 in
1002 1128 1179 1202 ripam
1205 1166 1223 1191 ‚
1264 1121 1472 1185 vadum

45 1201 313 1264 militibus
346 1224 509 1262 manu
530 1247 543 1271 ‚
574 1202 801 1284 quando
826 1226 940 1264 vox
962 1204 1209 1266 exaudiri
1234 1224 1347 1262 non
1369 1225 1474 1282 pos-

42 1302 217 1352 terat,
244 1283 504 1343 ostendit.·
539 1285 651 1344 Sed
675 1285 910 1366 gradum
942 1285 1161 1345 firmare
1185 1287 1277 1345 vix
1302 1305 1476 1365 pote-2⁴

0 1412 1 1432 2
43 1384 168 1432 rant
193 1408 209 1434 ,
249 1388 378 1434 cum
410 1366 584 1426 modo
617 1366 739 1426 saxa
766 1367 976 1426 lubrica
1000 1367 1295 1446 vestigium
1316 1364 1474 1427 falle-

43 1466 171 1505 rent
199 1471 218 1520 ;
254 1447 427 1507 modo
459 1448 709 1527 rapidior
740 1448 889 1509 unda
916 1448 1279 1511 subduceret.
1322 1448 1472 1507 Praea

43 1529 243 1608 cipuus
280 1550 397 1589 erat
433 1529 594 1589 labor
629 1552 821 1594 eorum
851 1573 866 1599 ,
908 1533 1002 1611 qui
1028 1532 1268 1595 humeris
1301 1551 1473 1590 onera

41 1611 350 1692 portabant
376 1634 387 1669 τ
416 1614 623 1692 quippe
644 1635 770 1676 cum
791 1610 1114 1693 semetipsos
1141 1634 1332 1693 regere
1357 1632 1473 1671 non

40 1712 275 1773 possent
300 1714 313 1751 :
347 1694 400 1756 in
427 1693 650 1773 rapidos
682 1695 934 1775 gurgites
956 1693 1320 1754 incommodo
1341 1715 1474 1757 one-

43 1795 105 1833 re
142 1772 556 1834 auferebantur.
607 1776 685 1838 Et
719 1775 854 1834 dum
885 1774 976 1835 sua
1017 1778 1253 1857 quisque
1296 1774 1474 1856 spolia

44 1853 313 1936 consequi
335 1856 517 1916 studet
538 1878 557 1928 3
582 1860 759 1938 major
779 1860 921 1917 inter
946 1865 1096 1936 ipsos
1113 1902 1128 1927 ,
1151 1880 1313 1938 quam
1341 1879 1472 1918 cum

41 1959 205 2005 amne
243 1958 366 1998 orta
401 1939 631 1999 luciatio
666 1938 774 1998 est:
798 1941 1116 2020 cumulique
1138 1938 1474 1999 sarcinarum

42 2021 246 2098 passim
269 2018 553 2081 fluitantes
593 2022 891 2102 plerosque
931 2021 1306 2102 perculerant.
1345 2020 1473 2080 Rex

45 2122 276 2165 monere
295 2145 313 2171 ,
347 2120 402 2156 nt
416 2105 545 2177 satis
571 2101 809 2158 haberent
831 2148 848 2172 ,
876 2125 1034 2159 arma
1070 2105 1273 2158 retinere
1293 2127 1313 2169 ,-
1351 2121 1475 2159 cete„

47 2183 173 2257 mse
197 2181 555 2247 redditurum,
582 2183 696 2243 Sed
716 2205 899 2265 neque
933 2185 1225 2244 consilium
1249 2228 1264 2254 ,
1290 2206 1473 2263 neque

43 2263 336 2344 imperium
383 2267 562 2344 accipi
604 2284 829 2344 poterat
869 2290 884 2327 ε
941 2265 1299 2345 obstrepebat
1342 2267 1472 2328 hinc

45 2365 266 2415 metus;
293 2366 496 2425 praeter
522 2348 669 2406 hunc
695 2391 712 2417 ,
740 2350 979 2408 invicem
1008 2353 1316 2408 natantium
1354 2371 1476 2407 mu-

30 2444 172 2486 ,tuus
197 2427 428 2493 clamor.
454 2428 709 2488 Tandem
733 2473 748 2498 2
786 2453 894 2510 qua
917 2431 1128 2490 leniore
1155 2431 1333 2492 tran
1360 2454 1476 2490 am-

45 2509 126 2569 nis
162 2510 338 2589 aperit
382 2510 587 2569 vadum
618 2553 633 2579 ,
674 2527 984 2572 emersere?
1022 2533 1124 2577 nec
1164 2509 1471 2592 quidquam

44 2609 248 2666 praeter
291 2613 495 2669 paucas
537 2590 771 2652 sarcinas
816 2593 1190 2659 desideratum
1225 2590 1320 2656 cst.
1362 2593 1475 2651 Dea

46 2669 144 2737 ieri
172 2675 358 2757 potuit
389 2676 666 2734 exercitus
691 2718 706 2749 ,
754 2676 798 2735 si
822 2677 944 2759 quis
970 2697 1144 2737 >ausus
1177 2694 1322 2735 esset
1359 2677 1473 2749 vin-23
